#milliseconds	datetime	qptr_op	gyro_x	gyro_y	gyro_z	react_t	angle_x	angle_y	angle_z	trq_x	trq_y	trq_z	c_power	voltage	PID_P_x	PID_P_y	PID_P_z	PID_I_x	PID_I_y	PID_I_z	PID_D_x	PID_D_y	PID_D_z	q_head	Kp_x	Kp_y	Kp_z	Ki_x	Ki_y	Ki_z	Kd_x	Kd_y	Kd_z	MaxP_x	MaxP_y	MaxP_z	MaxI_x	MaxI_y	MaxI_z	MaxD_x	MaxD_y	MaxD_z	joy_x	joy_y	joy_hdn	j_power		M1	M2	M3	M4	read_time	write_time	loop_time	offx	offy	offz
1395410055227	2014.03.21_17:54:15	1	-3.1	-0.78	-0.78	3	2.9	-0.046	0	0	0	0	0	14.1	-0.059	0.007	0.15	-0.03	0.029	0.047	0.0086	-0.00078	0.0078	5.08	0.16	0.16	0.3	0.21	0.21	0.2	0.052	0.052	0.02	0.06	0.06	0.15	0.03	0.03	0.05	0.28	0.28	0.21	0	0	6.28	0	0	0	0	0	0.068	0	0	0	0	0	
1395410055251	2014.03.21_17:54:15	1	-3.1	-0.78	-0.78	3	2.9	-0.046	0	0	0	0	0	14.1	-0.059	0.007	0.15	-0.03	0.029	0.047	0.0086	-0.00078	0.0078	5.08	0.16	0.16	0.3	0.21	0.21	0.2	0.052	0.052	0.02	0.06	0.06	0.15	0.03	0.03	0.05	0.28	0.28	0.21	0	0	6.28	0	0	0	0	0	0.068	0	0	0	0	0	
1395410055287	2014.03.21_17:54:15	1	-3.1	-0.78	-0.78	3	2.9	-0.046	0	0	0	0	0	14.1	-0.059	0.007	0.15	-0.03	0.029	0.047	0.0086	-0.00078	0.0078	5.08	0.16	0.16	0.3	0.21	0.21	0.2	0.052	0.052	0.02	0.06	0.06	0.15	0.03	0.03	0.05	0.28	0.28	0.21	0	0	6.28	0	0	0	0	0	0.068	0	0	0	0	0	
1395410055337	2014.03.21_17:54:15	1	-2.3	-0.78	-0.78	3	2.8	-0.046	0	0	0	0	0	14.1	-0.059	0.007	0.15	-0.03	0.029	0.047	0.0047	-0.00078	0.0078	5.06	0.16	0.16	0.3	0.21	0.21	0.2	0.052	0.052	0.02	0.06	0.06	0.15	0.03	0.03	0.05	0.28	0.28	0.21	0	0	6.28	0	0	0	0	0	0.069	0	0	0	0	0	
1395410055387	2014.03.21_17:54:15	1	-2.3	-0.78	-0.78	3	2.8	-0.046	0	0	0	0	0	14.1	-0.059	0.007	0.15	-0.03	0.029	0.047	0.0047	-0.00078	0.0078	5.06	0.16	0.16	0.3	0.21	0.21	0.2	0.052	0.052	0.02	0.06	0.06	0.15	0.03	0.03	0.05	0.28	0.28	0.21	0	0	6.28	0	0	0	0	0	0.069	0	0	0	0	0	
1395410055437	2014.03.21_17:54:15	1	-0.78	-0.78	-0.78	3	2.8	-0.046	0	0	0	0	0	14.1	-0.059	0.007	0.15	-0.03	0.029	0.047	0.00078	-0.00078	0.0078	5.08	0.16	0.16	0.3	0.21	0.21	0.2	0.052	0.052	0.02	0.06	0.06	0.15	0.03	0.03	0.05	0.28	0.28	0.21	0	0	6.28	0	0	0	0	0	0.064	0	0	0	0	0	
1395410055487	2014.03.21_17:54:15	1	-0.78	-0.78	-0.78	3	2.8	-0.046	0	0	0	0	0	14.1	-0.059	0.007	0.15	-0.03	0.029	0.047	0.00078	-0.00078	0.0078	5.08	0.16	0.16	0.3	0.21	0.21	0.2	0.052	0.052	0.02	0.06	0.06	0.15	0.03	0.03	0.05	0.28	0.28	0.21	0	0	6.28	0	0	0	0	0	0.064	0	0	0	0	0	
1395410055538	2014.03.21_17:54:15	1	0	-0.78	-0.78	3	2.8	-0.045	0	0	0	0	0	14.1	-0.059	0.007	0.15	-0.03	0.029	0.047	-0.0031	-0.00078	0.0078	5.06	0.16	0.16	0.3	0.21	0.21	0.2	0.052	0.052	0.02	0.06	0.06	0.15	0.03	0.03	0.05	0.28	0.28	0.21	0	0	6.28	0	0	0	0	0	0.065	0	0	0	0	0	
1395410055587	2014.03.21_17:54:15	1	0	-0.78	-0.78	3	2.8	-0.045	0	0	0	0	0	14.1	-0.059	0.007	0.15	-0.03	0.029	0.047	-0.0031	-0.00078	0.0078	5.06	0.16	0.16	0.3	0.21	0.21	0.2	0.052	0.052	0.02	0.06	0.06	0.15	0.03	0.03	0.05	0.28	0.28	0.21	0	0	6.28	0	0	0	0	0	0.065	0	0	0	0	0	
1395410055638	2014.03.21_17:54:15	1	0.78	-0.78	-0.78	3	2.8	-0.045	0	0	0	0	0	14.1	-0.059	0.007	0.15	-0.03	0.029	0.047	-0.007	-0.00078	0.0078	5.07	0.16	0.16	0.3	0.21	0.21	0.2	0.052	0.052	0.02	0.06	0.06	0.15	0.03	0.03	0.05	0.28	0.28	0.21	0	0	6.28	0	0	0	0	0	0.064	0	0	0	0	0	
1395410055687	2014.03.21_17:54:15	1	0.78	-0.78	-0.78	3	2.8	-0.045	0	0	0	0	0	14.1	-0.059	0.007	0.15	-0.03	0.029	0.047	-0.007	-0.00078	0.0078	5.07	0.16	0.16	0.3	0.21	0.21	0.2	0.052	0.052	0.02	0.06	0.06	0.15	0.03	0.03	0.05	0.28	0.28	0.21	0	0	6.28	0	0	0	0	0	0.064	0	0	0	0	0	
1395410055737	2014.03.21_17:54:15	1	1.6	-0.78	-0.78	3	2.9	-0.045	0	0	0	0	0	14.1	-0.059	0.007	0.15	-0.03	0.029	0.047	-0.0094	-0.00078	0.0078	5.07	0.16	0.16	0.3	0.21	0.21	0.2	0.052	0.052	0.02	0.06	0.06	0.15	0.03	0.03	0.05	0.28	0.28	0.21	0	0	6.28	0	0	0	0	0	0.064	0	0	0	0	0	
1395410055787	2014.03.21_17:54:15	1	1.6	-0.78	-0.78	3	2.9	-0.045	0	0	0	0	0	14.1	-0.059	0.007	0.15	-0.03	0.029	0.047	-0.0094	-0.00078	0.0078	5.07	0.16	0.16	0.3	0.21	0.21	0.2	0.052	0.052	0.02	0.06	0.06	0.15	0.03	0.03	0.05	0.28	0.28	0.21	0	0	6.28	0	0	0	0	0	0.064	0	0	0	0	0	
1395410055837	2014.03.21_17:54:15	1	2.3	-0.78	-0.78	3	2.9	-0.045	0	0	0	0	0	14.1	-0.059	0.007	0.15	-0.03	0.029	0.047	-0.011	0	0.0078	5.08	0.16	0.16	0.3	0.21	0.21	0.2	0.052	0.052	0.02	0.06	0.06	0.15	0.03	0.03	0.05	0.28	0.28	0.21	0	0	6.28	0	0	0	0	0	0.065	0	0	0	0	0	
1395410055887	2014.03.21_17:54:15	1	2.3	-0.78	-0.78	3	2.9	-0.045	0	0	0	0	0	14.1	-0.059	0.007	0.15	-0.03	0.029	0.047	-0.011	0	0.0078	5.08	0.16	0.16	0.3	0.21	0.21	0.2	0.052	0.052	0.02	0.06	0.06	0.15	0.03	0.03	0.05	0.28	0.28	0.21	0	0	6.28	0	0	0	0	0	0.065	0	0	0	0	0	
1395410055937	2014.03.21_17:54:15	1	2.3	-0.78	-0.78	3	2.9	-0.046	0	0	0	0	0	14.1	-0.059	0.007	0.15	-0.03	0.029	0.047	-0.011	-0.00078	0.0078	5.08	0.16	0.16	0.3	0.21	0.21	0.2	0.052	0.052	0.02	0.06	0.06	0.15	0.03	0.03	0.05	0.28	0.28	0.21	0	0	6.28	0	0	0	0	0	0.068	0	0	0	0	0	
1395410055987	2014.03.21_17:54:15	1	2.3	-0.78	-0.78	3	2.9	-0.046	0	0	0	0	0	14.1	-0.059	0.007	0.15	-0.03	0.029	0.047	-0.011	-0.00078	0.0078	5.08	0.16	0.16	0.3	0.21	0.21	0.2	0.052	0.052	0.02	0.06	0.06	0.15	0.03	0.03	0.05	0.28	0.28	0.21	0	0	6.28	0	0	0	0	0	0.068	0	0	0	0	0	
1395410056037	2014.03.21_17:54:16	1	2.3	-0.78	-0.78	3	2.9	-0.046	0	0	0	0	0	14.1	-0.059	0.007	0.15	-0.03	0.029	0.047	-0.011	0	0.0078	5.09	0.16	0.16	0.3	0.21	0.21	0.2	0.052	0.052	0.02	0.06	0.06	0.15	0.03	0.03	0.05	0.28	0.28	0.21	0	0	6.28	0	0	0	0	0	0.065	0	0	0	0	0	
1395410056087	2014.03.21_17:54:16	1	2.3	-0.78	-0.78	3	2.9	-0.046	0	0	0	0	0	14.1	-0.059	0.007	0.15	-0.03	0.029	0.047	-0.011	0	0.0078	5.09	0.16	0.16	0.3	0.21	0.21	0.2	0.052	0.052	0.02	0.06	0.06	0.15	0.03	0.03	0.05	0.28	0.28	0.21	0	0	6.28	0	0	0	0	0	0.065	0	0	0	0	0	
1395410056137	2014.03.21_17:54:16	1	1.6	-0.78	-0.78	3	3	-0.046	0	0	0	0	0	14.1	-0.059	0.007	0.15	-0.03	0.029	0.047	-0.0086	0	0.0078	5.09	0.16	0.16	0.3	0.21	0.21	0.2	0.052	0.052	0.02	0.06	0.06	0.15	0.03	0.03	0.05	0.28	0.28	0.21	0	0	6.28	0	0	0	0	0	0.062	0	0	0	0	0	
1395410056187	2014.03.21_17:54:16	1	1.6	-0.78	-0.78	3	3	-0.046	0	0	0	0	0	14.1	-0.059	0.007	0.15	-0.03	0.029	0.047	-0.0086	0	0.0078	5.09	0.16	0.16	0.3	0.21	0.21	0.2	0.052	0.052	0.02	0.06	0.06	0.15	0.03	0.03	0.05	0.28	0.28	0.21	0	0	6.28	0	0	0	0	0	0.062	0	0	0	0	0	
1395410056237	2014.03.21_17:54:16	1	0.78	-0.78	-0.78	3	3	-0.046	0	0	0	0	0	14.1	-0.059	0.007	0.15	-0.03	0.029	0.047	-0.0063	0	0.0078	5.09	0.16	0.16	0.3	0.21	0.21	0.2	0.052	0.052	0.02	0.06	0.06	0.15	0.03	0.03	0.05	0.28	0.28	0.21	0	0	6.28	0	0	0	0	0	0.068	0	0	0	0	0	
1395410056287	2014.03.21_17:54:16	1	0.78	-0.78	-0.78	3	3	-0.046	0	0	0	0	0	14.1	-0.059	0.007	0.15	-0.03	0.029	0.047	-0.0063	0	0.0078	5.09	0.16	0.16	0.3	0.21	0.21	0.2	0.052	0.052	0.02	0.06	0.06	0.15	0.03	0.03	0.05	0.28	0.28	0.21	0	0	6.28	0	0	0	0	0	0.068	0	0	0	0	0	
1395410056337	2014.03.21_17:54:16	1	0	-0.78	-0.78	3	3	-0.047	0	0	0	0	0	14.1	-0.059	0.007	0.15	-0.03	0.029	0.047	-0.0023	-0.00078	0.0078	5.1	0.16	0.16	0.3	0.21	0.21	0.2	0.052	0.052	0.02	0.06	0.06	0.15	0.03	0.03	0.05	0.28	0.28	0.21	0	0	6.28	0	0	0	0	0	0.063	0	0	0	0	0	
1395410056387	2014.03.21_17:54:16	1	0	-0.78	-0.78	3	3	-0.047	0	0	0	0	0	14.1	-0.059	0.007	0.15	-0.03	0.029	0.047	-0.0023	-0.00078	0.0078	5.1	0.16	0.16	0.3	0.21	0.21	0.2	0.052	0.052	0.02	0.06	0.06	0.15	0.03	0.03	0.05	0.28	0.28	0.21	0	0	6.28	0	0	0	0	0	0.063	0	0	0	0	0	
1395410056437	2014.03.21_17:54:16	1	-0.78	-0.78	-0.78	3	3	-0.047	0	0	0	0	0	14.1	-0.059	0.007	0.15	-0.03	0.029	0.047	0.00078	0	0.0078	5.07	0.16	0.16	0.3	0.21	0.21	0.2	0.052	0.052	0.02	0.06	0.06	0.15	0.03	0.03	0.05	0.28	0.28	0.21	0	0	6.28	0	0	0	0	0	0.063	0	0	0	0	0	
1395410056487	2014.03.21_17:54:16	1	-0.78	-0.78	-0.78	3	3	-0.047	0	0	0	0	0	14.1	-0.059	0.007	0.15	-0.03	0.029	0.047	0.00078	0	0.0078	5.07	0.16	0.16	0.3	0.21	0.21	0.2	0.052	0.052	0.02	0.06	0.06	0.15	0.03	0.03	0.05	0.28	0.28	0.21	0	0	6.28	0	0	0	0	0	0.063	0	0	0	0	0	
1395410056537	2014.03.21_17:54:16	1	-1.6	-0.78	-0.78	3	3	-0.047	0	0	0	0	0	14.1	-0.059	0.007	0.15	-0.03	0.029	0.047	0.0039	0	0.0078	5.1	0.16	0.16	0.3	0.21	0.21	0.2	0.052	0.052	0.02	0.06	0.06	0.15	0.03	0.03	0.05	0.28	0.28	0.21	0	0	6.28	0	0	0	0	0	0.066	0	0	0	0	0	
1395410056587	2014.03.21_17:54:16	1	-1.6	-0.78	-0.78	3	3	-0.047	0	0	0	0	0	14.1	-0.059	0.007	0.15	-0.03	0.029	0.047	0.0039	0	0.0078	5.1	0.16	0.16	0.3	0.21	0.21	0.2	0.052	0.052	0.02	0.06	0.06	0.15	0.03	0.03	0.05	0.28	0.28	0.21	0	0	6.28	0	0	0	0	0	0.066	0	0	0	0	0	
1395410056637	2014.03.21_17:54:16	1	-2.3	-0.78	-0.78	3	3	-0.047	0	0	0	0	0	14.1	-0.059	0.007	0.15	-0.03	0.029	0.047	0.007	0	0.0078	5.1	0.16	0.16	0.3	0.21	0.21	0.2	0.052	0.052	0.02	0.06	0.06	0.15	0.03	0.03	0.05	0.28	0.28	0.21	0	0	6.28	0	0	0	0	0	0.063	0	0	0	0	0	
1395410056687	2014.03.21_17:54:16	1	-2.3	-0.78	-0.78	3	3	-0.047	0	0	0	0	0	14.1	-0.059	0.007	0.15	-0.03	0.029	0.047	0.007	0	0.0078	5.1	0.16	0.16	0.3	0.21	0.21	0.2	0.052	0.052	0.02	0.06	0.06	0.15	0.03	0.03	0.05	0.28	0.28	0.21	0	0	6.28	0	0	0	0	0	0.063	0	0	0	0	0	
1395410056737	2014.03.21_17:54:16	1	-3.1	-0.78	-0.78	3	2.9	-0.047	0	0	0	0	0	14.1	-0.059	0.007	0.15	-0.03	0.029	0.047	0.0086	-0.00078	0.0078	5.12	0.16	0.16	0.3	0.21	0.21	0.2	0.052	0.052	0.02	0.06	0.06	0.15	0.03	0.03	0.05	0.28	0.28	0.21	0	0	6.28	0	0	0	0	0	0.064	0	0	0	0	0	
1395410056787	2014.03.21_17:54:16	1	-3.1	-0.78	-0.78	3	2.9	-0.047	0	0	0	0	0	14.1	-0.059	0.007	0.15	-0.03	0.029	0.047	0.0086	-0.00078	0.0078	5.12	0.16	0.16	0.3	0.21	0.21	0.2	0.052	0.052	0.02	0.06	0.06	0.15	0.03	0.03	0.05	0.28	0.28	0.21	0	0	6.28	0	0	0	0	0	0.064	0	0	0	0	0	
1395410056837	2014.03.21_17:54:16	1	-3.1	-0.78	-0.78	3	2.9	-0.047	0	0	0	0	0	14.1	-0.059	0.007	0.15	-0.03	0.029	0.047	0.0094	-0.00078	0.0078	5.09	0.16	0.16	0.3	0.21	0.21	0.2	0.052	0.052	0.02	0.06	0.06	0.15	0.03	0.03	0.05	0.28	0.28	0.21	0	0	6.28	0	0	0	0	0	0.066	0	0	0	0	0	
1395410056887	2014.03.21_17:54:16	1	-3.1	-0.78	-0.78	3	2.9	-0.047	0	0	0	0	0	14.1	-0.059	0.007	0.15	-0.03	0.029	0.047	0.0094	-0.00078	0.0078	5.09	0.16	0.16	0.3	0.21	0.21	0.2	0.052	0.052	0.02	0.06	0.06	0.15	0.03	0.03	0.05	0.28	0.28	0.21	0	0	6.28	0	0	0	0	0	0.066	0	0	0	0	0	
1395410056937	2014.03.21_17:54:16	1	-3.1	-0.78	-0.78	3	2.9	-0.047	0	0	0	0	0	14.1	-0.059	0.007	0.15	-0.03	0.029	0.047	0.0086	-0.00078	0.0078	5.09	0.16	0.16	0.3	0.21	0.21	0.2	0.052	0.052	0.02	0.06	0.06	0.15	0.03	0.03	0.05	0.28	0.28	0.21	0	0	6.28	0	0	0	0	0	0.063	0	0	0	0	0	
1395410056987	2014.03.21_17:54:16	1	-3.1	-0.78	-0.78	3	2.9	-0.047	0	0	0	0	0	14.1	-0.059	0.007	0.15	-0.03	0.029	0.047	0.0086	-0.00078	0.0078	5.09	0.16	0.16	0.3	0.21	0.21	0.2	0.052	0.052	0.02	0.06	0.06	0.15	0.03	0.03	0.05	0.28	0.28	0.21	0	0	6.28	0	0	0	0	0	0.063	0	0	0	0	0	
1395410057037	2014.03.21_17:54:17	1	-3.1	-0.78	-0.78	3	2.9	-0.047	0	0	0	0	0	14.1	-0.059	0.007	0.15	-0.03	0.029	0.047	0.0078	0	0.0078	5.08	0.16	0.16	0.3	0.21	0.21	0.2	0.052	0.052	0.02	0.06	0.06	0.15	0.03	0.03	0.05	0.28	0.28	0.21	0	0	6.28	0	0	0	0	0	0.062	0	0	0	0	0	
1395410057087	2014.03.21_17:54:17	1	-3.1	-0.78	-0.78	3	2.9	-0.047	0	0	0	0	0	14.1	-0.059	0.007	0.15	-0.03	0.029	0.047	0.0078	0	0.0078	5.08	0.16	0.16	0.3	0.21	0.21	0.2	0.052	0.052	0.02	0.06	0.06	0.15	0.03	0.03	0.05	0.28	0.28	0.21	0	0	6.28	0	0	0	0	0	0.062	0	0	0	0	0	
1395410057137	2014.03.21_17:54:17	1	-2.3	-0.78	-0.78	3	2.9	-0.046	0	0	0	0	0	14.1	-0.059	0.007	0.15	-0.03	0.029	0.047	0.0055	-0.00078	0.0078	5.07	0.16	0.16	0.3	0.21	0.21	0.2	0.052	0.052	0.02	0.06	0.06	0.15	0.03	0.03	0.05	0.28	0.28	0.21	0	0	6.28	0	0	0	0	0	0.069	0	0	0	0	0	
1395410057187	2014.03.21_17:54:17	1	-2.3	-0.78	-0.78	3	2.9	-0.046	0	0	0	0	0	14.1	-0.059	0.007	0.15	-0.03	0.029	0.047	0.0055	-0.00078	0.0078	5.07	0.16	0.16	0.3	0.21	0.21	0.2	0.052	0.052	0.02	0.06	0.06	0.15	0.03	0.03	0.05	0.28	0.28	0.21	0	0	6.28	0	0	0	0	0	0.069	0	0	0	0	0	
1395410057237	2014.03.21_17:54:17	1	-1.6	-0.78	-0.78	3	2.8	-0.046	0	0	0	0	0	14.1	-0.059	0.007	0.15	-0.03	0.029	0.047	0.0031	-0.00078	0.0078	5.06	0.16	0.16	0.3	0.21	0.21	0.2	0.052	0.052	0.02	0.06	0.06	0.15	0.03	0.03	0.05	0.28	0.28	0.21	0	0	6.28	0	0	0	0	0	0.064	0	0	0	0	0	
1395410057287	2014.03.21_17:54:17	1	-1.6	-0.78	-0.78	3	2.8	-0.046	0	0	0	0	0	14.1	-0.059	0.007	0.15	-0.03	0.029	0.047	0.0031	-0.00078	0.0078	5.06	0.16	0.16	0.3	0.21	0.21	0.2	0.052	0.052	0.02	0.06	0.06	0.15	0.03	0.03	0.05	0.28	0.28	0.21	0	0	6.28	0	0	0	0	0	0.064	0	0	0	0	0	
1395410057337	2014.03.21_17:54:17	1	-0.78	-0.78	-0.78	3	2.8	-0.046	0	0	0	0	0	14.1	-0.059	0.007	0.15	-0.03	0.029	0.047	0	-0.00078	0.0078	5.1	0.16	0.16	0.3	0.21	0.21	0.2	0.052	0.052	0.02	0.06	0.06	0.15	0.03	0.03	0.05	0.28	0.28	0.21	0	0	6.28	0	0	0	0	0	0.066	0	0	0	0	0	
1395410057387	2014.03.21_17:54:17	1	-0.78	-0.78	-0.78	3	2.8	-0.046	0	0	0	0	0	14.1	-0.059	0.007	0.15	-0.03	0.029	0.047	0	-0.00078	0.0078	5.1	0.16	0.16	0.3	0.21	0.21	0.2	0.052	0.052	0.02	0.06	0.06	0.15	0.03	0.03	0.05	0.28	0.28	0.21	0	0	6.28	0	0	0	0	0	0.066	0	0	0	0	0	
1395410057437	2014.03.21_17:54:17	1	0	-0.78	-0.78	3	2.8	-0.046	0	0	0	0	0	14.1	-0.059	0.007	0.15	-0.03	0.029	0.047	-0.0031	-0.00078	0.0078	5.09	0.16	0.16	0.3	0.21	0.21	0.2	0.052	0.052	0.02	0.06	0.06	0.15	0.03	0.03	0.05	0.28	0.28	0.21	0	0	6.28	0	0	0	0	0	0.068	0	0	0	0	0	
1395410057487	2014.03.21_17:54:17	1	0	-0.78	-0.78	3	2.8	-0.046	0	0	0	0	0	14.1	-0.059	0.007	0.15	-0.03	0.029	0.047	-0.0031	-0.00078	0.0078	5.09	0.16	0.16	0.3	0.21	0.21	0.2	0.052	0.052	0.02	0.06	0.06	0.15	0.03	0.03	0.05	0.28	0.28	0.21	0	0	6.28	0	0	0	0	0	0.068	0	0	0	0	0	
1395410057537	2014.03.21_17:54:17	1	0.78	-0.78	-0.78	3	2.9	-0.046	0	0	0	0	0	14.1	-0.059	0.007	0.15	-0.03	0.029	0.047	-0.0055	0	0.0078	5.09	0.16	0.16	0.3	0.21	0.21	0.2	0.052	0.052	0.02	0.06	0.06	0.15	0.03	0.03	0.05	0.28	0.28	0.21	0	0	6.28	0	0	0	0	0	0.065	0	0	0	0	0	
1395410057587	2014.03.21_17:54:17	1	0.78	-0.78	-0.78	3	2.9	-0.046	0	0	0	0	0	14.1	-0.059	0.007	0.15	-0.03	0.029	0.047	-0.0055	0	0.0078	5.09	0.16	0.16	0.3	0.21	0.21	0.2	0.052	0.052	0.02	0.06	0.06	0.15	0.03	0.03	0.05	0.28	0.28	0.21	0	0	6.28	0	0	0	0	0	0.065	0	0	0	0	0	
1395410057637	2014.03.21_17:54:17	1	1.6	-0.78	-0.78	3	2.9	-0.045	0	0	0	0	0	14.1	-0.059	0.007	0.15	-0.03	0.029	0.047	-0.0078	-0.00078	0.0078	5.11	0.16	0.16	0.3	0.21	0.21	0.2	0.052	0.052	0.02	0.06	0.06	0.15	0.03	0.03	0.05	0.28	0.28	0.21	0	0	6.28	0	0	0	0	0	0.068	0	0	0	0	0	
1395410057687	2014.03.21_17:54:17	1	1.6	-0.78	-0.78	3	2.9	-0.045	0	0	0	0	0	14.1	-0.059	0.007	0.15	-0.03	0.029	0.047	-0.0078	-0.00078	0.0078	5.11	0.16	0.16	0.3	0.21	0.21	0.2	0.052	0.052	0.02	0.06	0.06	0.15	0.03	0.03	0.05	0.28	0.28	0.21	0	0	6.28	0	0	0	0	0	0.068	0	0	0	0	0	
1395410057744	2014.03.21_17:54:17	1	1.6	-0.78	-0.78	3	2.9	-0.046	0	0	0	0	0	14.1	-0.059	0.007	0.15	-0.03	0.029	0.047	-0.0086	0	0.0078	5.11	0.16	0.16	0.3	0.21	0.21	0.2	0.052	0.052	0.02	0.06	0.06	0.15	0.03	0.03	0.05	0.28	0.28	0.21	0	0	6.28	0	0	0	0	0	0.067	0	0	0	0	0	
1395410057787	2014.03.21_17:54:17	1	1.6	-0.78	-0.78	3	2.9	-0.046	0	0	0	0	0	14.1	-0.059	0.007	0.15	-0.03	0.029	0.047	-0.0086	0	0.0078	5.11	0.16	0.16	0.3	0.21	0.21	0.2	0.052	0.052	0.02	0.06	0.06	0.15	0.03	0.03	0.05	0.28	0.28	0.21	0	0	6.28	0	0	0	0	0	0.067	0	0	0	0	0	
1395410057837	2014.03.21_17:54:17	1	1.6	-0.78	-0.78	3	2.9	-0.046	0	0	0	0	0	14.1	-0.059	0.007	0.15	-0.03	0.029	0.047	-0.0094	-0.00078	0.0078	5.12	0.16	0.16	0.3	0.21	0.21	0.2	0.052	0.052	0.02	0.06	0.06	0.15	0.03	0.03	0.05	0.28	0.28	0.21	0	0	6.28	0	0	0	0	0	0.058	0	0	0	0	0	
1395410057887	2014.03.21_17:54:17	1	1.6	-0.78	-0.78	3	2.9	-0.046	0	0	0	0	0	14.1	-0.059	0.007	0.15	-0.03	0.029	0.047	-0.0094	-0.00078	0.0078	5.12	0.16	0.16	0.3	0.21	0.21	0.2	0.052	0.052	0.02	0.06	0.06	0.15	0.03	0.03	0.05	0.28	0.28	0.21	0	0	6.28	0	0	0	0	0	0.058	0	0	0	0	0	
1395410057937	2014.03.21_17:54:17	1	1.6	-0.78	-0.78	3	2.9	-0.046	0	0	0	0	0	14.1	-0.059	0.007	0.15	-0.03	0.029	0.047	-0.0086	0	0.0078	5.12	0.16	0.16	0.3	0.21	0.21	0.2	0.052	0.052	0.02	0.06	0.06	0.15	0.03	0.03	0.05	0.28	0.28	0.21	0	0	6.28	0	0	0	0	0	0.069	0	0	0	0	0	
1395410057987	2014.03.21_17:54:17	1	1.6	-0.78	-0.78	3	2.9	-0.046	0	0	0	0	0	14.1	-0.059	0.007	0.15	-0.03	0.029	0.047	-0.0086	0	0.0078	5.12	0.16	0.16	0.3	0.21	0.21	0.2	0.052	0.052	0.02	0.06	0.06	0.15	0.03	0.03	0.05	0.28	0.28	0.21	0	0	6.28	0	0	0	0	0	0.069	0	0	0	0	0	
1395410058037	2014.03.21_17:54:18	1	0.78	-0.78	-0.78	3	2.9	-0.046	0	0	0	0	0	14.1	-0.059	0.007	0.15	-0.03	0.029	0.047	-0.007	-0.00078	0.0078	5.09	0.16	0.16	0.3	0.21	0.21	0.2	0.052	0.052	0.02	0.06	0.06	0.15	0.03	0.03	0.05	0.28	0.28	0.21	0	0	6.28	0	0	0	0	0	0.065	0	0	0	0	0	
1395410058087	2014.03.21_17:54:18	1	0.78	-0.78	-0.78	3	2.9	-0.046	0	0	0	0	0	14.1	-0.059	0.007	0.15	-0.03	0.029	0.047	-0.007	-0.00078	0.0078	5.09	0.16	0.16	0.3	0.21	0.21	0.2	0.052	0.052	0.02	0.06	0.06	0.15	0.03	0.03	0.05	0.28	0.28	0.21	0	0	6.28	0	0	0	0	0	0.065	0	0	0	0	0	
1395410058137	2014.03.21_17:54:18	1	0.78	-0.78	-0.78	3	3	-0.046	0	0	0	0	0	14.1	-0.059	0.007	0.15	-0.03	0.029	0.047	-0.0047	0	0.0078	5.09	0.16	0.16	0.3	0.21	0.21	0.2	0.052	0.052	0.02	0.06	0.06	0.15	0.03	0.03	0.05	0.28	0.28	0.21	0	0	6.28	0	0	0	0	0	0.065	0	0	0	0	0	
1395410058187	2014.03.21_17:54:18	1	0.78	-0.78	-0.78	3	3	-0.046	0	0	0	0	0	14.1	-0.059	0.007	0.15	-0.03	0.029	0.047	-0.0047	0	0.0078	5.09	0.16	0.16	0.3	0.21	0.21	0.2	0.052	0.052	0.02	0.06	0.06	0.15	0.03	0.03	0.05	0.28	0.28	0.21	0	0	6.28	0	0	0	0	0	0.065	0	0	0	0	0	
1395410058237	2014.03.21_17:54:18	1	0	-0.78	-0.78	3	3	-0.047	0	0	0	0	0	14.1	-0.059	0.007	0.15	-0.03	0.029	0.047	-0.0023	-0.00078	0.0078	5.09	0.16	0.16	0.3	0.21	0.21	0.2	0.052	0.052	0.02	0.06	0.06	0.15	0.03	0.03	0.05	0.28	0.28	0.21	0	0	6.28	0	0	0	0	0	0.066	0	0	0	0	0	
1395410058287	2014.03.21_17:54:18	1	0	-0.78	-0.78	3	3	-0.047	0	0	0	0	0	14.1	-0.059	0.007	0.15	-0.03	0.029	0.047	-0.0023	-0.00078	0.0078	5.09	0.16	0.16	0.3	0.21	0.21	0.2	0.052	0.052	0.02	0.06	0.06	0.15	0.03	0.03	0.05	0.28	0.28	0.21	0	0	6.28	0	0	0	0	0	0.066	0	0	0	0	0	
1395410058337	2014.03.21_17:54:18	1	-0.78	-0.78	-0.78	3	3	-0.047	0	0	0	0	0	14.1	-0.059	0.007	0.15	-0.03	0.029	0.047	0.00078	0	0.0078	5.09	0.16	0.16	0.3	0.21	0.21	0.2	0.052	0.052	0.02	0.06	0.06	0.15	0.03	0.03	0.05	0.28	0.28	0.21	0	0	6.28	0	0	0	0	0	0.065	0	0	0	0	0	
1395410058387	2014.03.21_17:54:18	1	-0.78	-0.78	-0.78	3	3	-0.047	0	0	0	0	0	14.1	-0.059	0.007	0.15	-0.03	0.029	0.047	0.00078	0	0.0078	5.09	0.16	0.16	0.3	0.21	0.21	0.2	0.052	0.052	0.02	0.06	0.06	0.15	0.03	0.03	0.05	0.28	0.28	0.21	0	0	6.28	0	0	0	0	0	0.065	0	0	0	0	0	
1395410058437	2014.03.21_17:54:18	1	-1.6	-0.78	-0.78	3	3	-0.047	0	0	0	0	0	14.1	-0.059	0.007	0.15	-0.03	0.029	0.047	0.0031	0	0.0078	5.1	0.16	0.16	0.3	0.21	0.21	0.2	0.052	0.052	0.02	0.06	0.06	0.15	0.03	0.03	0.05	0.28	0.28	0.21	0	0	6.28	0	0	0	0	0	0.063	0	0	0	0	0	
1395410058487	2014.03.21_17:54:18	1	-1.6	-0.78	-0.78	3	3	-0.047	0	0	0	0	0	14.1	-0.059	0.007	0.15	-0.03	0.029	0.047	0.0031	0	0.0078	5.1	0.16	0.16	0.3	0.21	0.21	0.2	0.052	0.052	0.02	0.06	0.06	0.15	0.03	0.03	0.05	0.28	0.28	0.21	0	0	6.28	0	0	0	0	0	0.063	0	0	0	0	0	
1395410058537	2014.03.21_17:54:18	1	-2.3	-0.78	-0.78	3	2.9	-0.047	0	0	0	0	0	14.1	-0.059	0.007	0.15	-0.03	0.029	0.047	0.0055	0	0.0078	5.13	0.16	0.16	0.3	0.21	0.21	0.2	0.052	0.052	0.02	0.06	0.06	0.15	0.03	0.03	0.05	0.28	0.28	0.21	0	0	6.28	0	0	0	0	0	0.067	0	0	0	0	0	
1395410058587	2014.03.21_17:54:18	1	-2.3	-0.78	-0.78	3	2.9	-0.047	0	0	0	0	0	14.1	-0.059	0.007	0.15	-0.03	0.029	0.047	0.0055	0	0.0078	5.13	0.16	0.16	0.3	0.21	0.21	0.2	0.052	0.052	0.02	0.06	0.06	0.15	0.03	0.03	0.05	0.28	0.28	0.21	0	0	6.28	0	0	0	0	0	0.067	0	0	0	0	0	
1395410058637	2014.03.21_17:54:18	1	-2.3	-0.78	-0.78	3	2.9	-0.047	0	0	0	0	0	14.1	-0.059	0.007	0.15	-0.03	0.029	0.047	0.007	0	0.0078	5.09	0.16	0.16	0.3	0.21	0.21	0.2	0.052	0.052	0.02	0.06	0.06	0.15	0.03	0.03	0.05	0.28	0.28	0.21	0	0	6.28	0	0	0	0	0	0.066	0	0	0	0	0	
1395410058687	2014.03.21_17:54:18	1	-2.3	-0.78	-0.78	3	2.9	-0.047	0	0	0	0	0	14.1	-0.059	0.007	0.15	-0.03	0.029	0.047	0.007	0	0.0078	5.09	0.16	0.16	0.3	0.21	0.21	0.2	0.052	0.052	0.02	0.06	0.06	0.15	0.03	0.03	0.05	0.28	0.28	0.21	0	0	6.28	0	0	0	0	0	0.066	0	0	0	0	0	
1395410058737	2014.03.21_17:54:18	1	-2.3	-0.78	-0.78	3	2.9	-0.047	0	0	0	0	0	14.1	-0.059	0.007	0.15	-0.03	0.029	0.047	0.0078	0	0.0078	5.07	0.16	0.16	0.3	0.21	0.21	0.2	0.052	0.052	0.02	0.06	0.06	0.15	0.03	0.03	0.05	0.28	0.28	0.21	0	0	6.28	0	0	0	0	0	0.065	0	0	0	0	0	
1395410058787	2014.03.21_17:54:18	1	-2.3	-0.78	-0.78	3	2.9	-0.047	0	0	0	0	0	14.1	-0.059	0.007	0.15	-0.03	0.029	0.047	0.0078	0	0.0078	5.07	0.16	0.16	0.3	0.21	0.21	0.2	0.052	0.052	0.02	0.06	0.06	0.15	0.03	0.03	0.05	0.28	0.28	0.21	0	0	6.28	0	0	0	0	0	0.065	0	0	0	0	0	
1395410058837	2014.03.21_17:54:18	1	-2.3	-0.78	-0.78	3	2.9	-0.047	0	0	0	0	0	14.1	-0.059	0.007	0.15	-0.03	0.029	0.047	0.007	-0.00078	0.0078	5.12	0.16	0.16	0.3	0.21	0.21	0.2	0.052	0.052	0.02	0.06	0.06	0.15	0.03	0.03	0.05	0.28	0.28	0.21	0	0	6.28	0	0	0	0	0	0.067	0	0	0	0	0	
1395410058887	2014.03.21_17:54:18	1	-2.3	-0.78	-0.78	3	2.9	-0.047	0	0	0	0	0	14.1	-0.059	0.007	0.15	-0.03	0.029	0.047	0.007	-0.00078	0.0078	5.12	0.16	0.16	0.3	0.21	0.21	0.2	0.052	0.052	0.02	0.06	0.06	0.15	0.03	0.03	0.05	0.28	0.28	0.21	0	0	6.28	0	0	0	0	0	0.067	0	0	0	0	0	
1395410058937	2014.03.21_17:54:18	1	-2.3	-0.78	-0.78	3	2.9	-0.047	0	0	0	0	0	14.1	-0.059	0.007	0.15	-0.03	0.029	0.047	0.0063	0	0.0078	5.08	0.16	0.16	0.3	0.21	0.21	0.2	0.052	0.052	0.02	0.06	0.06	0.15	0.03	0.03	0.05	0.28	0.28	0.21	0	0	6.28	0	0	0	0	0	0.066	0	0	0	0	0	
1395410058987	2014.03.21_17:54:18	1	-2.3	-0.78	-0.78	3	2.9	-0.047	0	0	0	0	0	14.1	-0.059	0.007	0.15	-0.03	0.029	0.047	0.0063	0	0.0078	5.08	0.16	0.16	0.3	0.21	0.21	0.2	0.052	0.052	0.02	0.06	0.06	0.15	0.03	0.03	0.05	0.28	0.28	0.21	0	0	6.28	0	0	0	0	0	0.066	0	0	0	0	0	
1395410059037	2014.03.21_17:54:19	1	-1.6	-0.78	-0.78	3	2.9	-0.046	0	0	0	0	0	14.1	-0.059	0.007	0.15	-0.03	0.029	0.047	0.0039	-0.00078	0.0078	5.08	0.16	0.16	0.3	0.21	0.21	0.2	0.052	0.052	0.02	0.06	0.06	0.15	0.03	0.03	0.05	0.28	0.28	0.21	0	0	6.28	0	0	0	0	0	0.064	0	0	0	0	0	
1395410059087	2014.03.21_17:54:19	1	-1.6	-0.78	-0.78	3	2.9	-0.046	0	0	0	0	0	14.1	-0.059	0.007	0.15	-0.03	0.029	0.047	0.0039	-0.00078	0.0078	5.08	0.16	0.16	0.3	0.21	0.21	0.2	0.052	0.052	0.02	0.06	0.06	0.15	0.03	0.03	0.05	0.28	0.28	0.21	0	0	6.28	0	0	0	0	0	0.064	0	0	0	0	0	
1395410059137	2014.03.21_17:54:19	1	-1.6	-0.78	-0.78	3	2.9	-0.046	0	0	0	0	0	14.1	-0.059	0.007	0.15	-0.03	0.029	0.047	0.0016	-0.00078	0.0078	5.1	0.16	0.16	0.3	0.21	0.21	0.2	0.052	0.052	0.02	0.06	0.06	0.15	0.03	0.03	0.05	0.28	0.28	0.21	0	0	6.28	0	0	0	0	0	0.068	0	0	0	0	0	
1395410059187	2014.03.21_17:54:19	1	-1.6	-0.78	-0.78	3	2.9	-0.046	0	0	0	0	0	14.1	-0.059	0.007	0.15	-0.03	0.029	0.047	0.0016	-0.00078	0.0078	5.1	0.16	0.16	0.3	0.21	0.21	0.2	0.052	0.052	0.02	0.06	0.06	0.15	0.03	0.03	0.05	0.28	0.28	0.21	0	0	6.28	0	0	0	0	0	0.068	0	0	0	0	0	
1395410059237	2014.03.21_17:54:19	1	-0.78	-0.78	-0.78	3	2.9	-0.046	0	0	0	0	0	14.1	-0.059	0.007	0.15	-0.03	0.029	0.047	-0.00078	-0.00078	0.0078	5.07	0.16	0.16	0.3	0.21	0.21	0.2	0.052	0.052	0.02	0.06	0.06	0.15	0.03	0.03	0.05	0.28	0.28	0.21	0	0	6.28	0	0	0	0	0	0.066	0	0	0	0	0	
1395410059287	2014.03.21_17:54:19	1	-0.78	-0.78	-0.78	3	2.9	-0.046	0	0	0	0	0	14.1	-0.059	0.007	0.15	-0.03	0.029	0.047	-0.00078	-0.00078	0.0078	5.07	0.16	0.16	0.3	0.21	0.21	0.2	0.052	0.052	0.02	0.06	0.06	0.15	0.03	0.03	0.05	0.28	0.28	0.21	0	0	6.28	0	0	0	0	0	0.066	0	0	0	0	0	
1395410059337	2014.03.21_17:54:19	1	0	-0.78	-0.78	3	2.9	-0.046	0	0	0	0	0	14.1	-0.059	0.007	0.15	-0.03	0.029	0.047	-0.0023	-0.00078	0.0078	5.08	0.16	0.16	0.3	0.21	0.21	0.2	0.052	0.052	0.02	0.06	0.06	0.15	0.03	0.03	0.05	0.28	0.28	0.21	0	0	6.28	0	0	0	0	0	0.063	0	0	0	0	0	
1395410059387	2014.03.21_17:54:19	1	0	-0.78	-0.78	3	2.9	-0.046	0	0	0	0	0	14.1	-0.059	0.007	0.15	-0.03	0.029	0.047	-0.0023	-0.00078	0.0078	5.08	0.16	0.16	0.3	0.21	0.21	0.2	0.052	0.052	0.02	0.06	0.06	0.15	0.03	0.03	0.05	0.28	0.28	0.21	0	0	6.28	0	0	0	0	0	0.063	0	0	0	0	0	
1395410059437	2014.03.21_17:54:19	1	0.78	-0.78	-0.78	3	2.9	-0.045	0	0	0	0	0	14.1	-0.059	0.007	0.15	-0.03	0.029	0.047	-0.0047	-0.00078	0.0078	5.11	0.16	0.16	0.3	0.21	0.21	0.2	0.052	0.052	0.02	0.06	0.06	0.15	0.03	0.03	0.05	0.28	0.28	0.21	0	0	6.28	0	0	0	0	0	0.065	0	0	0	0	0	
1395410059487	2014.03.21_17:54:19	1	0.78	-0.78	-0.78	3	2.9	-0.045	0	0	0	0	0	14.1	-0.059	0.007	0.15	-0.03	0.029	0.047	-0.0047	-0.00078	0.0078	5.11	0.16	0.16	0.3	0.21	0.21	0.2	0.052	0.052	0.02	0.06	0.06	0.15	0.03	0.03	0.05	0.28	0.28	0.21	0	0	6.28	0	0	0	0	0	0.065	0	0	0	0	0	
1395410059537	2014.03.21_17:54:19	1	0.78	-0.78	-0.78	3	2.9	-0.045	0	0	0	0	0	14.1	-0.059	0.007	0.15	-0.03	0.029	0.047	-0.0063	-0.00078	0.0078	5.07	0.16	0.16	0.3	0.21	0.21	0.2	0.052	0.052	0.02	0.06	0.06	0.15	0.03	0.03	0.05	0.28	0.28	0.21	0	0	6.28	0	0	0	0	0	0.064	0	0	0	0	0	
1395410059587	2014.03.21_17:54:19	1	0.78	-0.78	-0.78	3	2.9	-0.045	0	0	0	0	0	14.1	-0.059	0.007	0.15	-0.03	0.029	0.047	-0.0063	-0.00078	0.0078	5.07	0.16	0.16	0.3	0.21	0.21	0.2	0.052	0.052	0.02	0.06	0.06	0.15	0.03	0.03	0.05	0.28	0.28	0.21	0	0	6.28	0	0	0	0	0	0.064	0	0	0	0	0	
1395410059637	2014.03.21_17:54:19	1	1.6	-0.78	-0.78	3	2.9	-0.046	0	0	0	0	0	14.1	-0.059	0.007	0.15	-0.03	0.029	0.047	-0.007	0	0.0078	5.08	0.16	0.16	0.3	0.21	0.21	0.2	0.052	0.052	0.02	0.06	0.06	0.15	0.03	0.03	0.05	0.28	0.28	0.21	0	0	6.28	0	0	0	0	0	0.061	0	0	0	0	0	
1395410059687	2014.03.21_17:54:19	1	1.6	-0.78	-0.78	3	2.9	-0.046	0	0	0	0	0	14.1	-0.059	0.007	0.15	-0.03	0.029	0.047	-0.007	0	0.0078	5.08	0.16	0.16	0.3	0.21	0.21	0.2	0.052	0.052	0.02	0.06	0.06	0.15	0.03	0.03	0.05	0.28	0.28	0.21	0	0	6.28	0	0	0	0	0	0.061	0	0	0	0	0	
1395410059737	2014.03.21_17:54:19	1	1.6	-0.78	-0.78	3	2.9	-0.046	0	0	0	0	0	14.1	-0.059	0.007	0.15	-0.03	0.029	0.047	-0.0078	-0.00078	0.0078	5.09	0.16	0.16	0.3	0.21	0.21	0.2	0.052	0.052	0.02	0.06	0.06	0.15	0.03	0.03	0.05	0.28	0.28	0.21	0	0	6.28	0	0	0	0	0	0.067	0	0	0	0	0	
1395410059787	2014.03.21_17:54:19	1	1.6	-0.78	-0.78	3	2.9	-0.046	0	0	0	0	0	14.1	-0.059	0.007	0.15	-0.03	0.029	0.047	-0.0078	-0.00078	0.0078	5.09	0.16	0.16	0.3	0.21	0.21	0.2	0.052	0.052	0.02	0.06	0.06	0.15	0.03	0.03	0.05	0.28	0.28	0.21	0	0	6.28	0	0	0	0	0	0.067	0	0	0	0	0	
1395410059837	2014.03.21_17:54:19	1	0.78	-0.78	-0.78	3	2.9	-0.046	0	0	0	0	0	14.1	-0.059	0.007	0.15	-0.03	0.029	0.047	-0.0063	0	0.0078	5.08	0.16	0.16	0.3	0.21	0.21	0.2	0.052	0.052	0.02	0.06	0.06	0.15	0.03	0.03	0.05	0.28	0.28	0.21	0	0	6.28	0	0	0	0	0	0.064	0	0	0	0	0	
1395410059887	2014.03.21_17:54:19	1	0.78	-0.78	-0.78	3	2.9	-0.046	0	0	0	0	0	14.1	-0.059	0.007	0.15	-0.03	0.029	0.047	-0.0063	0	0.0078	5.08	0.16	0.16	0.3	0.21	0.21	0.2	0.052	0.052	0.02	0.06	0.06	0.15	0.03	0.03	0.05	0.28	0.28	0.21	0	0	6.28	0	0	0	0	0	0.064	0	0	0	0	0	
1395410059937	2014.03.21_17:54:19	1	0.78	-0.78	-0.78	3	2.9	-0.046	0	0	0	0	0	14.1	-0.059	0.007	0.15	-0.03	0.029	0.047	-0.0055	0	0.0078	5.09	0.16	0.16	0.3	0.21	0.21	0.2	0.052	0.052	0.02	0.06	0.06	0.15	0.03	0.03	0.05	0.28	0.28	0.21	0	0	6.28	0	0	0	0	0	0.068	0	0	0	0	0	
1395410059987	2014.03.21_17:54:19	1	0.78	-0.78	-0.78	3	2.9	-0.046	0	0	0	0	0	14.1	-0.059	0.007	0.15	-0.03	0.029	0.047	-0.0055	0	0.0078	5.09	0.16	0.16	0.3	0.21	0.21	0.2	0.052	0.052	0.02	0.06	0.06	0.15	0.03	0.03	0.05	0.28	0.28	0.21	0	0	6.28	0	0	0	0	0	0.068	0	0	0	0	0	
1395410060037	2014.03.21_17:54:20	1	0	-0.78	-0.78	3	2.9	-0.046	0	0	0	0	0	14.1	-0.059	0.007	0.15	-0.03	0.029	0.047	-0.0031	0	0.0078	5.09	0.16	0.16	0.3	0.21	0.21	0.2	0.052	0.052	0.02	0.06	0.06	0.15	0.03	0.03	0.05	0.28	0.28	0.21	0	0	6.28	0	0	0	0	0	0.067	0	0	0	0	0	
1395410060087	2014.03.21_17:54:20	1	0	-0.78	-0.78	3	2.9	-0.046	0	0	0	0	0	14.1	-0.059	0.007	0.15	-0.03	0.029	0.047	-0.0031	0	0.0078	5.09	0.16	0.16	0.3	0.21	0.21	0.2	0.052	0.052	0.02	0.06	0.06	0.15	0.03	0.03	0.05	0.28	0.28	0.21	0	0	6.28	0	0	0	0	0	0.067	0	0	0	0	0	
1395410060137	2014.03.21_17:54:20	1	0	-0.78	-0.78	3	3	-0.047	0	0	0	0	0	14.1	-0.059	0.007	0.15	-0.03	0.029	0.047	-0.00078	0	0.0078	5.09	0.16	0.16	0.3	0.21	0.21	0.2	0.052	0.052	0.02	0.06	0.06	0.15	0.03	0.03	0.05	0.28	0.28	0.21	0	0	6.28	0	0	0	0	0	0.067	0	0	0	0	0	
1395410060187	2014.03.21_17:54:20	1	0	-0.78	-0.78	3	3	-0.047	0	0	0	0	0	14.1	-0.059	0.007	0.15	-0.03	0.029	0.047	-0.00078	0	0.0078	5.09	0.16	0.16	0.3	0.21	0.21	0.2	0.052	0.052	0.02	0.06	0.06	0.15	0.03	0.03	0.05	0.28	0.28	0.21	0	0	6.28	0	0	0	0	0	0.067	0	0	0	0	0	
1395410060237	2014.03.21_17:54:20	1	-0.78	-0.78	-0.78	3	2.9	-0.047	0	0	0	0	0	14.1	-0.059	0.007	0.15	-0.03	0.029	0.047	0.00078	0	0.0078	5.1	0.16	0.16	0.3	0.21	0.21	0.2	0.052	0.052	0.02	0.06	0.06	0.15	0.03	0.03	0.05	0.28	0.28	0.21	0	0	6.28	0	0	0	0	0	0.069	0	0	0	0	0	
1395410060287	2014.03.21_17:54:20	1	-0.78	-0.78	-0.78	3	2.9	-0.047	0	0	0	0	0	14.1	-0.059	0.007	0.15	-0.03	0.029	0.047	0.00078	0	0.0078	5.1	0.16	0.16	0.3	0.21	0.21	0.2	0.052	0.052	0.02	0.06	0.06	0.15	0.03	0.03	0.05	0.28	0.28	0.21	0	0	6.28	0	0	0	0	0	0.069	0	0	0	0	0	
1395410060337	2014.03.21_17:54:20	1	-1.6	-0.78	-0.78	3	2.9	-0.047	0	0	0	0	0	14.1	-0.059	0.007	0.15	-0.03	0.029	0.047	0.0031	0	0.0078	5.12	0.16	0.16	0.3	0.21	0.21	0.2	0.052	0.052	0.02	0.06	0.06	0.15	0.03	0.03	0.05	0.28	0.28	0.21	0	0	6.28	0	0	0	0	0	0.067	0	0	0	0	0	
1395410060387	2014.03.21_17:54:20	1	-1.6	-0.78	-0.78	3	2.9	-0.047	0	0	0	0	0	14.1	-0.059	0.007	0.15	-0.03	0.029	0.047	0.0031	0	0.0078	5.12	0.16	0.16	0.3	0.21	0.21	0.2	0.052	0.052	0.02	0.06	0.06	0.15	0.03	0.03	0.05	0.28	0.28	0.21	0	0	6.28	0	0	0	0	0	0.067	0	0	0	0	0	
1395410060437	2014.03.21_17:54:20	1	-2.3	-0.78	-0.78	3	2.9	-0.047	0	0	0	0	0	14.1	-0.059	0.007	0.15	-0.03	0.029	0.047	0.0047	0	0.0078	5.13	0.16	0.16	0.3	0.21	0.21	0.2	0.052	0.052	0.02	0.06	0.06	0.15	0.03	0.03	0.05	0.28	0.28	0.21	0	0	6.28	0	0	0	0	0	0.067	0	0	0	0	0	
1395410060487	2014.03.21_17:54:20	1	-2.3	-0.78	-0.78	3	2.9	-0.047	0	0	0	0	0	14.1	-0.059	0.007	0.15	-0.03	0.029	0.047	0.0047	0	0.0078	5.13	0.16	0.16	0.3	0.21	0.21	0.2	0.052	0.052	0.02	0.06	0.06	0.15	0.03	0.03	0.05	0.28	0.28	0.21	0	0	6.28	0	0	0	0	0	0.067	0	0	0	0	0	
1395410060537	2014.03.21_17:54:20	1	-2.3	-0.78	-0.78	3	2.9	-0.047	0	0	0	0	0	14.1	-0.059	0.007	0.15	-0.03	0.029	0.047	0.0055	0	0.0078	5.09	0.16	0.16	0.3	0.21	0.21	0.2	0.052	0.052	0.02	0.06	0.06	0.15	0.03	0.03	0.05	0.28	0.28	0.21	0	0	6.28	0	0	0	0	0	0.061	0	0	0	0	0	
1395410060587	2014.03.21_17:54:20	1	-2.3	-0.78	-0.78	3	2.9	-0.047	0	0	0	0	0	14.1	-0.059	0.007	0.15	-0.03	0.029	0.047	0.0055	0	0.0078	5.09	0.16	0.16	0.3	0.21	0.21	0.2	0.052	0.052	0.02	0.06	0.06	0.15	0.03	0.03	0.05	0.28	0.28	0.21	0	0	6.28	0	0	0	0	0	0.061	0	0	0	0	0	
1395410060637	2014.03.21_17:54:20	1	-2.3	-0.78	-0.78	3	2.9	-0.047	0	0	0	0	0	14.1	-0.059	0.007	0.15	-0.03	0.029	0.047	0.0063	-0.00078	0.0078	5.12	0.16	0.16	0.3	0.21	0.21	0.2	0.052	0.052	0.02	0.06	0.06	0.15	0.03	0.03	0.05	0.28	0.28	0.21	0	0	6.28	0	0	0	0	0	0.065	0	0	0	0	0	
1395410060687	2014.03.21_17:54:20	1	-2.3	-0.78	-0.78	3	2.9	-0.047	0	0	0	0	0	14.1	-0.059	0.007	0.15	-0.03	0.029	0.047	0.0063	-0.00078	0.0078	5.12	0.16	0.16	0.3	0.21	0.21	0.2	0.052	0.052	0.02	0.06	0.06	0.15	0.03	0.03	0.05	0.28	0.28	0.21	0	0	6.28	0	0	0	0	0	0.065	0	0	0	0	0	
1395410060737	2014.03.21_17:54:20	1	-2.3	-0.78	-0.78	3	2.9	-0.047	0	0	0	0	0	14.1	-0.059	0.007	0.15	-0.03	0.029	0.047	0.0055	-0.00078	0.0078	5.09	0.16	0.16	0.3	0.21	0.21	0.2	0.052	0.052	0.02	0.06	0.06	0.15	0.03	0.03	0.05	0.28	0.28	0.21	0	0	6.28	0	0	0	0	0	0.065	0	0	0	0	0	
1395410060787	2014.03.21_17:54:20	1	-2.3	-0.78	-0.78	3	2.9	-0.047	0	0	0	0	0	14.1	-0.059	0.007	0.15	-0.03	0.029	0.047	0.0055	-0.00078	0.0078	5.09	0.16	0.16	0.3	0.21	0.21	0.2	0.052	0.052	0.02	0.06	0.06	0.15	0.03	0.03	0.05	0.28	0.28	0.21	0	0	6.28	0	0	0	0	0	0.065	0	0	0	0	0	
1395410060837	2014.03.21_17:54:20	1	-2.3	-0.78	-0.78	3	2.9	-0.046	0	0	0	0	0	14.1	-0.059	0.007	0.15	-0.03	0.029	0.047	0.0039	0	0.0078	5.08	0.16	0.16	0.3	0.21	0.21	0.2	0.052	0.052	0.02	0.06	0.06	0.15	0.03	0.03	0.05	0.28	0.28	0.21	0	0	6.28	0	0	0	0	0	0.063	0	0	0	0	0	
1395410060887	2014.03.21_17:54:20	1	-2.3	-0.78	-0.78	3	2.9	-0.046	0	0	0	0	0	14.1	-0.059	0.007	0.15	-0.03	0.029	0.047	0.0039	0	0.0078	5.08	0.16	0.16	0.3	0.21	0.21	0.2	0.052	0.052	0.02	0.06	0.06	0.15	0.03	0.03	0.05	0.28	0.28	0.21	0	0	6.28	0	0	0	0	0	0.063	0	0	0	0	0	
1395410060937	2014.03.21_17:54:20	1	-1.6	-0.78	-0.78	3	2.9	-0.046	0	0	0	0	0	14.1	-0.059	0.007	0.15	-0.03	0.029	0.047	0.0031	0	0.0078	5.11	0.16	0.16	0.3	0.21	0.21	0.2	0.052	0.052	0.02	0.06	0.06	0.15	0.03	0.03	0.05	0.28	0.28	0.21	0	0	6.28	0	0	0	0	0	0.065	0	0	0	0	0	
1395410060987	2014.03.21_17:54:20	1	-1.6	-0.78	-0.78	3	2.9	-0.046	0	0	0	0	0	14.1	-0.059	0.007	0.15	-0.03	0.029	0.047	0.0031	0	0.0078	5.11	0.16	0.16	0.3	0.21	0.21	0.2	0.052	0.052	0.02	0.06	0.06	0.15	0.03	0.03	0.05	0.28	0.28	0.21	0	0	6.28	0	0	0	0	0	0.065	0	0	0	0	0	
1395410061037	2014.03.21_17:54:21	1	-0.78	-0.78	-0.78	3	2.9	-0.046	0	0	0	0	0	14.1	-0.059	0.007	0.15	-0.03	0.029	0.047	0.00078	-0.00078	0.0078	5.07	0.16	0.16	0.3	0.21	0.21	0.2	0.052	0.052	0.02	0.06	0.06	0.15	0.03	0.03	0.05	0.28	0.28	0.21	0	0	6.28	0	0	0	0	0	0.067	0	0	0	0	0	
1395410061087	2014.03.21_17:54:21	1	-0.78	-0.78	-0.78	3	2.9	-0.046	0	0	0	0	0	14.1	-0.059	0.007	0.15	-0.03	0.029	0.047	0.00078	-0.00078	0.0078	5.07	0.16	0.16	0.3	0.21	0.21	0.2	0.052	0.052	0.02	0.06	0.06	0.15	0.03	0.03	0.05	0.28	0.28	0.21	0	0	6.28	0	0	0	0	0	0.067	0	0	0	0	0	
1395410061137	2014.03.21_17:54:21	1	0	-0.78	-0.78	3	2.9	-0.046	0	0	0	0	0	14.1	-0.059	0.007	0.15	-0.03	0.029	0.047	-0.00078	-0.00078	0.0078	5.08	0.16	0.16	0.3	0.21	0.21	0.2	0.052	0.052	0.02	0.06	0.06	0.15	0.03	0.03	0.05	0.28	0.28	0.21	0	0	6.28	0	0	0	0	0	0.061	0	0	0	0	0	
1395410061187	2014.03.21_17:54:21	1	0	-0.78	-0.78	3	2.9	-0.046	0	0	0	0	0	14.1	-0.059	0.007	0.15	-0.03	0.029	0.047	-0.00078	-0.00078	0.0078	5.08	0.16	0.16	0.3	0.21	0.21	0.2	0.052	0.052	0.02	0.06	0.06	0.15	0.03	0.03	0.05	0.28	0.28	0.21	0	0	6.28	0	0	0	0	0	0.061	0	0	0	0	0	
1395410061237	2014.03.21_17:54:21	1	0	-0.78	-0.78	3	2.9	-0.046	0	0	0	0	0	14.1	-0.059	0.007	0.15	-0.03	0.029	0.047	-0.0031	-0.00078	0.0078	5.08	0.16	0.16	0.3	0.21	0.21	0.2	0.052	0.052	0.02	0.06	0.06	0.15	0.03	0.03	0.05	0.28	0.28	0.21	0	0	6.28	0	0	0	0	0	0.065	0	0	0	0	0	
1395410061287	2014.03.21_17:54:21	1	0	-0.78	-0.78	3	2.9	-0.046	0	0	0	0	0	14.1	-0.059	0.007	0.15	-0.03	0.029	0.047	-0.0031	-0.00078	0.0078	5.08	0.16	0.16	0.3	0.21	0.21	0.2	0.052	0.052	0.02	0.06	0.06	0.15	0.03	0.03	0.05	0.28	0.28	0.21	0	0	6.28	0	0	0	0	0	0.065	0	0	0	0	0	
1395410061337	2014.03.21_17:54:21	1	0.78	-0.78	-0.78	3	2.9	-0.046	0	0	0	0	0	14.1	-0.059	0.007	0.15	-0.03	0.029	0.047	-0.0047	0	0.0078	5.08	0.16	0.16	0.3	0.21	0.21	0.2	0.052	0.052	0.02	0.06	0.06	0.15	0.03	0.03	0.05	0.28	0.28	0.21	0	0	6.28	0	0	0	0	0	0.063	0	0	0	0	0	
1395410061387	2014.03.21_17:54:21	1	0.78	-0.78	-0.78	3	2.9	-0.046	0	0	0	0	0	14.1	-0.059	0.007	0.15	-0.03	0.029	0.047	-0.0047	0	0.0078	5.08	0.16	0.16	0.3	0.21	0.21	0.2	0.052	0.052	0.02	0.06	0.06	0.15	0.03	0.03	0.05	0.28	0.28	0.21	0	0	6.28	0	0	0	0	0	0.063	0	0	0	0	0	
1395410061437	2014.03.21_17:54:21	1	0.78	-0.78	-0.78	3	2.9	-0.046	0	0	0	0	0	14.1	-0.059	0.007	0.15	-0.03	0.029	0.047	-0.0055	-0.00078	0.0078	5.13	0.16	0.16	0.3	0.21	0.21	0.2	0.052	0.052	0.02	0.06	0.06	0.15	0.03	0.03	0.05	0.28	0.28	0.21	0	0	6.28	0	0	0	0	0	0.063	0	0	0	0	0	
1395410061487	2014.03.21_17:54:21	1	0.78	-0.78	-0.78	3	2.9	-0.046	0	0	0	0	0	14.1	-0.059	0.007	0.15	-0.03	0.029	0.047	-0.0055	-0.00078	0.0078	5.13	0.16	0.16	0.3	0.21	0.21	0.2	0.052	0.052	0.02	0.06	0.06	0.15	0.03	0.03	0.05	0.28	0.28	0.21	0	0	6.28	0	0	0	0	0	0.063	0	0	0	0	0	
1395410061537	2014.03.21_17:54:21	1	0.78	-0.78	-0.78	3	2.9	-0.046	0	0	0	0	0	14.1	-0.059	0.007	0.15	-0.03	0.029	0.047	-0.0063	-0.00078	0.0078	5.14	0.16	0.16	0.3	0.21	0.21	0.2	0.052	0.052	0.02	0.06	0.06	0.15	0.03	0.03	0.05	0.28	0.28	0.21	0	0	6.28	0	0	0	0	0	0.065	0	0	0	0	0	
1395410061587	2014.03.21_17:54:21	1	0.78	-0.78	-0.78	3	2.9	-0.046	0	0	0	0	0	14.1	-0.059	0.007	0.15	-0.03	0.029	0.047	-0.0063	-0.00078	0.0078	5.14	0.16	0.16	0.3	0.21	0.21	0.2	0.052	0.052	0.02	0.06	0.06	0.15	0.03	0.03	0.05	0.28	0.28	0.21	0	0	6.28	0	0	0	0	0	0.065	0	0	0	0	0	
1395410061637	2014.03.21_17:54:21	1	0.78	-0.78	-0.78	3	2.9	-0.046	0	0	0	0	0	14.1	-0.059	0.007	0.15	-0.03	0.029	0.047	-0.0055	0	0.0078	5.08	0.16	0.16	0.3	0.21	0.21	0.2	0.052	0.052	0.02	0.06	0.06	0.15	0.03	0.03	0.05	0.28	0.28	0.21	0	0	6.28	0	0	0	0	0	0.063	0	0	0	0	0	
1395410061687	2014.03.21_17:54:21	1	0.78	-0.78	-0.78	3	2.9	-0.046	0	0	0	0	0	14.1	-0.059	0.007	0.15	-0.03	0.029	0.047	-0.0055	0	0.0078	5.08	0.16	0.16	0.3	0.21	0.21	0.2	0.052	0.052	0.02	0.06	0.06	0.15	0.03	0.03	0.05	0.28	0.28	0.21	0	0	6.28	0	0	0	0	0	0.063	0	0	0	0	0	
1395410061737	2014.03.21_17:54:21	1	0.78	-0.78	-0.78	3	2.9	-0.046	0	0	0	0	0	14.1	-0.059	0.007	0.15	-0.03	0.029	0.047	-0.0047	0	0.0078	5.09	0.16	0.16	0.3	0.21	0.21	0.2	0.052	0.052	0.02	0.06	0.06	0.15	0.03	0.03	0.05	0.28	0.28	0.21	0	0	6.28	0	0	0	0	0	0.063	0	0	0	0	0	
1395410061787	2014.03.21_17:54:21	1	0.78	-0.78	-0.78	3	2.9	-0.046	0	0	0	0	0	14.1	-0.059	0.007	0.15	-0.03	0.029	0.047	-0.0047	0	0.0078	5.09	0.16	0.16	0.3	0.21	0.21	0.2	0.052	0.052	0.02	0.06	0.06	0.15	0.03	0.03	0.05	0.28	0.28	0.21	0	0	6.28	0	0	0	0	0	0.063	0	0	0	0	0	
1395410061837	2014.03.21_17:54:21	1	0	-0.78	-0.78	3	2.9	-0.046	0	0	0	0	0	14.1	-0.059	0.007	0.15	-0.03	0.029	0.047	-0.0039	-0.00078	0.0078	5.1	0.16	0.16	0.3	0.21	0.21	0.2	0.052	0.052	0.02	0.06	0.06	0.15	0.03	0.03	0.05	0.28	0.28	0.21	0	0	6.28	0	0	0	0	0	0.065	0	0	0	0	0	
1395410061887	2014.03.21_17:54:21	1	0	-0.78	-0.78	3	2.9	-0.046	0	0	0	0	0	14.1	-0.059	0.007	0.15	-0.03	0.029	0.047	-0.0039	-0.00078	0.0078	5.1	0.16	0.16	0.3	0.21	0.21	0.2	0.052	0.052	0.02	0.06	0.06	0.15	0.03	0.03	0.05	0.28	0.28	0.21	0	0	6.28	0	0	0	0	0	0.065	0	0	0	0	0	
1395410061937	2014.03.21_17:54:21	1	0	-0.78	-0.78	3	2.9	-0.046	0	0	0	0	0	14.1	-0.059	0.007	0.15	-0.03	0.029	0.047	-0.0023	0	0.0078	5.09	0.16	0.16	0.3	0.21	0.21	0.2	0.052	0.052	0.02	0.06	0.06	0.15	0.03	0.03	0.05	0.28	0.28	0.21	0	0	6.28	0	0	0	0	0	0.065	0	0	0	0	0	
1395410061987	2014.03.21_17:54:21	1	0	-0.78	-0.78	3	2.9	-0.046	0	0	0	0	0	14.1	-0.059	0.007	0.15	-0.03	0.029	0.047	-0.0023	0	0.0078	5.09	0.16	0.16	0.3	0.21	0.21	0.2	0.052	0.052	0.02	0.06	0.06	0.15	0.03	0.03	0.05	0.28	0.28	0.21	0	0	6.28	0	0	0	0	0	0.065	0	0	0	0	0	
1395410062037	2014.03.21_17:54:22	1	-0.78	-0.78	-0.78	3	2.9	-0.046	0	0	0	0	0	14.1	-0.059	0.007	0.15	-0.03	0.029	0.047	0	-0.00078	0.0078	5.09	0.16	0.16	0.3	0.21	0.21	0.2	0.052	0.052	0.02	0.06	0.06	0.15	0.03	0.03	0.05	0.28	0.28	0.21	0	0	6.28	0	0	0	0	0	0.068	0	0	0	0	0	
1395410062087	2014.03.21_17:54:22	1	-0.78	-0.78	-0.78	3	2.9	-0.046	0	0	0	0	0	14.1	-0.059	0.007	0.15	-0.03	0.029	0.047	0	-0.00078	0.0078	5.09	0.16	0.16	0.3	0.21	0.21	0.2	0.052	0.052	0.02	0.06	0.06	0.15	0.03	0.03	0.05	0.28	0.28	0.21	0	0	6.28	0	0	0	0	0	0.068	0	0	0	0	0	
1395410062137	2014.03.21_17:54:22	1	-1.6	-0.78	-0.78	3	2.9	-0.046	0	0	0	0	0	14.1	-0.059	0.007	0.15	-0.03	0.029	0.047	0.0016	0	0.0078	5.12	0.16	0.16	0.3	0.21	0.21	0.2	0.052	0.052	0.02	0.06	0.06	0.15	0.03	0.03	0.05	0.28	0.28	0.21	0	0	6.28	0	0	0	0	0	0.061	0	0	0	0	0	
1395410062187	2014.03.21_17:54:22	1	-1.6	-0.78	-0.78	3	2.9	-0.046	0	0	0	0	0	14.1	-0.059	0.007	0.15	-0.03	0.029	0.047	0.0016	0	0.0078	5.12	0.16	0.16	0.3	0.21	0.21	0.2	0.052	0.052	0.02	0.06	0.06	0.15	0.03	0.03	0.05	0.28	0.28	0.21	0	0	6.28	0	0	0	0	0	0.061	0	0	0	0	0	
1395410062237	2014.03.21_17:54:22	1	-1.6	-0.78	-0.78	3	2.9	-0.047	0	0	0	0	0	14.1	-0.059	0.007	0.15	-0.03	0.029	0.047	0.0031	0	0.0078	5.07	0.16	0.16	0.3	0.21	0.21	0.2	0.052	0.052	0.02	0.06	0.06	0.15	0.03	0.03	0.05	0.28	0.28	0.21	0	0	6.28	0	0	0	0	0	0.064	0	0	0	0	0	
1395410062287	2014.03.21_17:54:22	1	-1.6	-0.78	-0.78	3	2.9	-0.047	0	0	0	0	0	14.1	-0.059	0.007	0.15	-0.03	0.029	0.047	0.0031	0	0.0078	5.07	0.16	0.16	0.3	0.21	0.21	0.2	0.052	0.052	0.02	0.06	0.06	0.15	0.03	0.03	0.05	0.28	0.28	0.21	0	0	6.28	0	0	0	0	0	0.064	0	0	0	0	0	
1395410062337	2014.03.21_17:54:22	1	-1.6	-0.78	-0.78	3	2.9	-0.047	0	0	0	0	0	14.1	-0.059	0.007	0.15	-0.03	0.029	0.047	0.0039	-0.00078	0.0078	5.07	0.16	0.16	0.3	0.21	0.21	0.2	0.052	0.052	0.02	0.06	0.06	0.15	0.03	0.03	0.05	0.28	0.28	0.21	0	0	6.28	0	0	0	0	0	0.063	0	0	0	0	0	
1395410062387	2014.03.21_17:54:22	1	-1.6	-0.78	-0.78	3	2.9	-0.047	0	0	0	0	0	14.1	-0.059	0.007	0.15	-0.03	0.029	0.047	0.0039	-0.00078	0.0078	5.07	0.16	0.16	0.3	0.21	0.21	0.2	0.052	0.052	0.02	0.06	0.06	0.15	0.03	0.03	0.05	0.28	0.28	0.21	0	0	6.28	0	0	0	0	0	0.063	0	0	0	0	0	
1395410062437	2014.03.21_17:54:22	1	-2.3	-0.78	-0.78	3	2.9	-0.047	0	0	0	0	0	14.1	-0.059	0.007	0.15	-0.03	0.029	0.047	0.0047	-0.00078	0.0078	5.12	0.16	0.16	0.3	0.21	0.21	0.2	0.052	0.052	0.02	0.06	0.06	0.15	0.03	0.03	0.05	0.28	0.28	0.21	0	0	6.28	0	0	0	0	0	0.066	0	0	0	0	0	
1395410062487	2014.03.21_17:54:22	1	-2.3	-0.78	-0.78	3	2.9	-0.047	0	0	0	0	0	14.1	-0.059	0.007	0.15	-0.03	0.029	0.047	0.0047	-0.00078	0.0078	5.12	0.16	0.16	0.3	0.21	0.21	0.2	0.052	0.052	0.02	0.06	0.06	0.15	0.03	0.03	0.05	0.28	0.28	0.21	0	0	6.28	0	0	0	0	0	0.066	0	0	0	0	0	
1395410062537	2014.03.21_17:54:22	1	-2.3	-0.78	-0.78	3	2.9	-0.047	0	0	0	0	0	14.1	-0.059	0.007	0.15	-0.03	0.029	0.047	0.0047	-0.00078	0.0078	5.08	0.16	0.16	0.3	0.21	0.21	0.2	0.052	0.052	0.02	0.06	0.06	0.15	0.03	0.03	0.05	0.28	0.28	0.21	0	0	6.28	0	0	0	0	0	0.064	0	0	0	0	0	
1395410062589	2014.03.21_17:54:22	1	-2.3	-0.78	-0.78	3	2.9	-0.047	0	0	0	0	0	14.1	-0.059	0.007	0.15	-0.03	0.029	0.047	0.0047	-0.00078	0.0078	5.08	0.16	0.16	0.3	0.21	0.21	0.2	0.052	0.052	0.02	0.06	0.06	0.15	0.03	0.03	0.05	0.28	0.28	0.21	0	0	6.28	0	0	0	0	0	0.064	0	0	0	0	0	
1395410062637	2014.03.21_17:54:22	1	-1.6	-0.78	-0.78	3	2.9	-0.046	0	0	0	0	0	14.1	-0.059	0.007	0.15	-0.03	0.029	0.047	0.0039	-0.00078	0.0078	5.09	0.16	0.16	0.3	0.21	0.21	0.2	0.052	0.052	0.02	0.06	0.06	0.15	0.03	0.03	0.05	0.28	0.28	0.21	0	0	6.28	0	0	0	0	0	0.063	0	0	0	0	0	
1395410062687	2014.03.21_17:54:22	1	-1.6	-0.78	-0.78	3	2.9	-0.046	0	0	0	0	0	14.1	-0.059	0.007	0.15	-0.03	0.029	0.047	0.0039	-0.00078	0.0078	5.09	0.16	0.16	0.3	0.21	0.21	0.2	0.052	0.052	0.02	0.06	0.06	0.15	0.03	0.03	0.05	0.28	0.28	0.21	0	0	6.28	0	0	0	0	0	0.063	0	0	0	0	0	
1395410062737	2014.03.21_17:54:22	1	-1.6	-0.78	-0.78	3	2.9	-0.046	0	0	0	0	0	14.1	-0.059	0.007	0.15	-0.03	0.029	0.047	0.0023	-0.00078	0.0078	5.08	0.16	0.16	0.3	0.21	0.21	0.2	0.052	0.052	0.02	0.06	0.06	0.15	0.03	0.03	0.05	0.28	0.28	0.21	0	0	6.28	0	0	0	0	0	0.066	0	0	0	0	0	
1395410062787	2014.03.21_17:54:22	1	-1.6	-0.78	-0.78	3	2.9	-0.046	0	0	0	0	0	14.1	-0.059	0.007	0.15	-0.03	0.029	0.047	0.0023	-0.00078	0.0078	5.08	0.16	0.16	0.3	0.21	0.21	0.2	0.052	0.052	0.02	0.06	0.06	0.15	0.03	0.03	0.05	0.28	0.28	0.21	0	0	6.28	0	0	0	0	0	0.066	0	0	0	0	0	
1395410062837	2014.03.21_17:54:22	1	-1.6	-0.78	-0.78	3	2.9	-0.046	0	0	0	0	0	14.1	-0.059	0.007	0.15	-0.03	0.029	0.047	0.0016	0	0.0078	5.08	0.16	0.16	0.3	0.21	0.21	0.2	0.052	0.052	0.02	0.06	0.06	0.15	0.03	0.03	0.05	0.28	0.28	0.21	0	0	6.28	0	0	0	0	0	0.064	0	0	0	0	0	
1395410062887	2014.03.21_17:54:22	1	-1.6	-0.78	-0.78	3	2.9	-0.046	0	0	0	0	0	14.1	-0.059	0.007	0.15	-0.03	0.029	0.047	0.0016	0	0.0078	5.08	0.16	0.16	0.3	0.21	0.21	0.2	0.052	0.052	0.02	0.06	0.06	0.15	0.03	0.03	0.05	0.28	0.28	0.21	0	0	6.28	0	0	0	0	0	0.064	0	0	0	0	0	
1395410062937	2014.03.21_17:54:22	1	-0.78	-0.78	-0.78	3	2.9	-0.046	0	0	0	0	0	14.1	-0.059	0.007	0.15	-0.03	0.029	0.047	0	0	0.0078	5.08	0.16	0.16	0.3	0.21	0.21	0.2	0.052	0.052	0.02	0.06	0.06	0.15	0.03	0.03	0.05	0.28	0.28	0.21	0	0	6.28	0	0	0	0	0	0.07	0	0	0	0	0	
1395410062987	2014.03.21_17:54:22	1	-0.78	-0.78	-0.78	3	2.9	-0.046	0	0	0	0	0	14.1	-0.059	0.007	0.15	-0.03	0.029	0.047	0	0	0.0078	5.08	0.16	0.16	0.3	0.21	0.21	0.2	0.052	0.052	0.02	0.06	0.06	0.15	0.03	0.03	0.05	0.28	0.28	0.21	0	0	6.28	0	0	0	0	0	0.07	0	0	0	0	0	
1395410063037	2014.03.21_17:54:23	1	0	-0.78	-0.78	3	2.9	-0.046	0	0	0	0	0	14.1	-0.059	0.007	0.15	-0.03	0.029	0.047	-0.0016	0	0.0078	5.12	0.16	0.16	0.3	0.21	0.21	0.2	0.052	0.052	0.02	0.06	0.06	0.15	0.03	0.03	0.05	0.28	0.28	0.21	0	0	6.28	0	0	0	0	0	0.067	0	0	0	0	0	
1395410063087	2014.03.21_17:54:23	1	0	-0.78	-0.78	3	2.9	-0.046	0	0	0	0	0	14.1	-0.059	0.007	0.15	-0.03	0.029	0.047	-0.0016	0	0.0078	5.12	0.16	0.16	0.3	0.21	0.21	0.2	0.052	0.052	0.02	0.06	0.06	0.15	0.03	0.03	0.05	0.28	0.28	0.21	0	0	6.28	0	0	0	0	0	0.067	0	0	0	0	0	
1395410063137	2014.03.21_17:54:23	1	0	-0.78	-0.78	3	2.9	-0.046	0	0	0	0	0	14.1	-0.059	0.007	0.15	-0.03	0.029	0.047	-0.0031	0	0.0078	5.08	0.16	0.16	0.3	0.21	0.21	0.2	0.052	0.052	0.02	0.06	0.06	0.15	0.03	0.03	0.05	0.28	0.28	0.21	0	0	6.28	0	0	0	0	0	0.065	0	0	0	0	0	
1395410063187	2014.03.21_17:54:23	1	0	-0.78	-0.78	3	2.9	-0.046	0	0	0	0	0	14.1	-0.059	0.007	0.15	-0.03	0.029	0.047	-0.0031	0	0.0078	5.08	0.16	0.16	0.3	0.21	0.21	0.2	0.052	0.052	0.02	0.06	0.06	0.15	0.03	0.03	0.05	0.28	0.28	0.21	0	0	6.28	0	0	0	0	0	0.065	0	0	0	0	0	
1395410063237	2014.03.21_17:54:23	1	0.78	-0.78	-0.78	3	2.9	-0.046	0	-0.094	0.035	0.2	0.55	14.1	-0.059	0.007	0.15	-0.03	0.029	0.047	-0.0039	0	0.0078	5.09	0.16	0.16	0.3	0.21	0.21	0.2	0.052	0.052	0.02	0.06	0.06	0.15	0.03	0.03	0.05	0.28	0.28	0.21	0	0	6.28	0.55	30	84	38	66	0.063	0	0	0	0	0	
1395410063287	2014.03.21_17:54:23	1	0.78	-0.78	-0.78	3	2.9	-0.046	0	-0.094	0.035	0.2	0.55	14.1	-0.059	0.007	0.15	-0.03	0.029	0.047	-0.0039	0	0.0078	5.09	0.16	0.16	0.3	0.21	0.21	0.2	0.052	0.052	0.02	0.06	0.06	0.15	0.03	0.03	0.05	0.28	0.28	0.21	0	0	6.28	0.55	30	84	38	66	0.063	0	0	0	0	0	
1395410063337	2014.03.21_17:54:23	1	0	-0.78	0	3	2.9	-0.047	0	-0.094	0.035	0.19	0.55	12.7	-0.059	0.007	0.15	-0.03	0.029	0.047	-0.0023	0.0016	-0.0078	5.03	0.16	0.16	0.3	0.21	0.21	0.2	0.052	0.052	0.02	0.06	0.06	0.15	0.03	0.03	0.05	0.28	0.28	0.21	0	0	6.28	0.55	32	82	39	64	0.065	0	0	0	0	0	
1395410063387	2014.03.21_17:54:23	1	0	-0.78	0	3	2.9	-0.047	0	-0.094	0.035	0.19	0.55	12.7	-0.059	0.007	0.15	-0.03	0.029	0.047	-0.0023	0.0016	-0.0078	5.03	0.16	0.16	0.3	0.21	0.21	0.2	0.052	0.052	0.02	0.06	0.06	0.15	0.03	0.03	0.05	0.28	0.28	0.21	0	0	6.28	0.55	32	82	39	64	0.065	0	0	0	0	0	
1395410063437	2014.03.21_17:54:23	1	-5.5	-0.78	-1.6	3	2.9	-0.047	0	-0.07	0.035	0.21	0.55	9.45	-0.059	0.007	0.15	-0.03	0.029	0.047	0.018	-0.00078	0.016	4.93	0.16	0.16	0.3	0.21	0.21	0.2	0.052	0.052	0.02	0.06	0.06	0.15	0.03	0.03	0.05	0.28	0.28	0.21	0	0	6.28	0.55	29	83	36	69	0.067	0	0	0	0	0	
1395410063487	2014.03.21_17:54:23	1	-5.5	-0.78	-1.6	3	2.9	-0.047	0	-0.07	0.035	0.21	0.55	9.45	-0.059	0.007	0.15	-0.03	0.029	0.047	0.018	-0.00078	0.016	4.93	0.16	0.16	0.3	0.21	0.21	0.2	0.052	0.052	0.02	0.06	0.06	0.15	0.03	0.03	0.05	0.28	0.28	0.21	0	0	6.28	0.55	29	83	36	69	0.067	0	0	0	0	0	
1395410063537	2014.03.21_17:54:23	1	-35	0	-0.78	3	2.7	-0.048	0	0.055	0.031	0.2	0.55	10	-0.059	0.007	0.15	-0.03	0.029	0.047	-0.1	-0.0055	0.0078	4.71	0.16	0.16	0.3	0.21	0.21	0.2	0.052	0.052	0.02	0.06	0.06	0.15	0.03	0.03	0.05	0.28	0.28	0.21	0	0	6.28	0.55	31	70	37	81	0.068	0	0	0	0	0	
1395410063587	2014.03.21_17:54:23	1	-35	0	-0.78	3	2.7	-0.048	0	0.055	0.031	0.2	0.55	10	-0.059	0.007	0.15	-0.03	0.029	0.047	-0.1	-0.0055	0.0078	4.71	0.16	0.16	0.3	0.21	0.21	0.2	0.052	0.052	0.02	0.06	0.06	0.15	0.03	0.03	0.05	0.28	0.28	0.21	0	0	6.28	0.55	31	70	37	81	0.068	0	0	0	0	0	
1395410063637	2014.03.21_17:54:23	1	-27	-1.6	-0.78	3	2.4	-0.044	0	0.035	0.043	0.2	0.55	10.1	-0.059	0.0063	0.15	-0.03	0.029	0.047	-0.1	0.007	0.0078	4.75	0.16	0.16	0.3	0.21	0.21	0.2	0.052	0.052	0.02	0.06	0.06	0.15	0.03	0.03	0.05	0.28	0.28	0.21	0	0	6.28	0.55	29	72	38	79	0.06	0	0	0	0	0	
1395410063687	2014.03.21_17:54:23	1	-27	-1.6	-0.78	3	2.4	-0.044	0	0.035	0.043	0.2	0.55	10.1	-0.059	0.0063	0.15	-0.03	0.029	0.047	-0.1	0.007	0.0078	4.75	0.16	0.16	0.3	0.21	0.21	0.2	0.052	0.052	0.02	0.06	0.06	0.15	0.03	0.03	0.05	0.28	0.28	0.21	0	0	6.28	0.55	29	72	38	79	0.06	0	0	0	0	0	
1395410063737	2014.03.21_17:54:23	1	-7.8	-0.78	-1.6	3	2.3	-0.041	0	-0.062	0.039	0.21	0.55	10.8	-0.059	0.0063	0.15	-0.03	0.029	0.047	0.026	0.0031	0.016	4.84	0.16	0.16	0.3	0.21	0.21	0.2	0.052	0.052	0.02	0.06	0.06	0.15	0.03	0.03	0.05	0.28	0.28	0.21	0	0	6.28	0.55	29	82	37	70	0.07	0	0	0	0	0	
1395410063787	2014.03.21_17:54:23	1	-7.8	-0.78	-1.6	3	2.3	-0.041	0	-0.062	0.039	0.21	0.55	10.8	-0.059	0.0063	0.15	-0.03	0.029	0.047	0.026	0.0031	0.016	4.84	0.16	0.16	0.3	0.21	0.21	0.2	0.052	0.052	0.02	0.06	0.06	0.15	0.03	0.03	0.05	0.28	0.28	0.21	0	0	6.28	0.55	29	82	37	70	0.07	0	0	0	0	0	
1395410063837	2014.03.21_17:54:23	1	-19	-0.78	-0.78	3	2.2	-0.036	0	-0.047	0.035	0.2	0.55	10.6	-0.059	0.0055	0.15	-0.03	0.029	0.047	0.043	0.0016	0.0078	4.81	0.16	0.16	0.3	0.21	0.21	0.2	0.052	0.052	0.02	0.06	0.06	0.15	0.03	0.03	0.05	0.28	0.28	0.21	0	0	6.28	0.55	30	80	38	71	0.071	0	0	0	0	0	
1395410063887	2014.03.21_17:54:23	1	-19	-0.78	-0.78	3	2.2	-0.036	0	-0.047	0.035	0.2	0.55	10.6	-0.059	0.0055	0.15	-0.03	0.029	0.047	0.043	0.0016	0.0078	4.81	0.16	0.16	0.3	0.21	0.21	0.2	0.052	0.052	0.02	0.06	0.06	0.15	0.03	0.03	0.05	0.28	0.28	0.21	0	0	6.28	0.55	30	80	38	71	0.071	0	0	0	0	0	
1395410063937	2014.03.21_17:54:23	1	-22	-0.78	-1.6	3	2.1	-0.039	0	0	0.027	0.21	0.55	10.4	-0.059	0.0055	0.15	-0.03	0.029	0.047	0.091	-0.0063	0.016	4.76	0.16	0.16	0.3	0.21	0.21	0.2	0.052	0.052	0.02	0.06	0.06	0.15	0.03	0.03	0.05	0.28	0.28	0.21	0	0	6.28	0.55	30	76	36	77	0.057	0	0	0	0	0	
1395410063987	2014.03.21_17:54:23	1	-22	-0.78	-1.6	3	2.1	-0.039	0	0	0.027	0.21	0.55	10.4	-0.059	0.0055	0.15	-0.03	0.029	0.047	0.091	-0.0063	0.016	4.76	0.16	0.16	0.3	0.21	0.21	0.2	0.052	0.052	0.02	0.06	0.06	0.15	0.03	0.03	0.05	0.28	0.28	0.21	0	0	6.28	0.55	30	76	36	77	0.057	0	0	0	0	0	
1395410064037	2014.03.21_17:54:24	1	-10	0	-0.78	3	1.9	-0.037	0	-0.059	0.043	0.2	0.55	10.8	-0.059	0.0055	0.15	-0.03	0.029	0.047	0.03	0.0094	0	4.81	0.16	0.16	0.3	0.21	0.21	0.2	0.052	0.052	0.02	0.06	0.06	0.15	0.03	0.03	0.05	0.28	0.28	0.21	0	0	6.28	0.55	30	80	39	69	0.064	0	0	0	0	0	
1395410064087	2014.03.21_17:54:24	1	-10	0	-0.78	3	1.9	-0.037	0	-0.059	0.043	0.2	0.55	10.8	-0.059	0.0055	0.15	-0.03	0.029	0.047	0.03	0.0094	0	4.81	0.16	0.16	0.3	0.21	0.21	0.2	0.052	0.052	0.02	0.06	0.06	0.15	0.03	0.03	0.05	0.28	0.28	0.21	0	0	6.28	0.55	30	80	39	69	0.064	0	0	0	0	0	
1395410064137	2014.03.21_17:54:24	1	-13	0	-1.6	3	1.9	-0.037	0	-0.055	0.043	0.21	0.55	10.5	-0.059	0.0055	0.15	-0.03	0.029	0.047	0.036	0.0078	0.016	4.79	0.16	0.16	0.3	0.21	0.21	0.2	0.052	0.052	0.02	0.06	0.06	0.15	0.03	0.03	0.05	0.28	0.28	0.21	0	0	6.28	0.55	28	81	37	71	0.07	0	0	0	0	0	
1395410064187	2014.03.21_17:54:24	1	-13	0	-1.6	3	1.9	-0.037	0	-0.055	0.043	0.21	0.55	10.5	-0.059	0.0055	0.15	-0.03	0.029	0.047	0.036	0.0078	0.016	4.79	0.16	0.16	0.3	0.21	0.21	0.2	0.052	0.052	0.02	0.06	0.06	0.15	0.03	0.03	0.05	0.28	0.28	0.21	0	0	6.28	0.55	28	81	37	71	0.07	0.001	0	0	0	0	
1395410064237	2014.03.21_17:54:24	1	-20	-2.3	-0.78	3	1.7	-0.031	0	-0.012	0.027	0.2	0.55	10.8	-0.059	0.0047	0.15	-0.03	0.029	0.047	0.077	-0.0031	0.0078	4.78	0.16	0.16	0.3	0.21	0.21	0.2	0.052	0.052	0.02	0.06	0.06	0.15	0.03	0.03	0.05	0.28	0.28	0.21	0	0	6.28	0.55	31	76	37	74	0.055	0.001	0	0	0	0	
1395410064287	2014.03.21_17:54:24	1	-20	-2.3	-0.78	3	1.7	-0.031	0	-0.012	0.027	0.2	0.55	10.8	-0.059	0.0047	0.15	-0.03	0.029	0.047	0.077	-0.0031	0.0078	4.78	0.16	0.16	0.3	0.21	0.21	0.2	0.052	0.052	0.02	0.06	0.06	0.15	0.03	0.03	0.05	0.28	0.28	0.21	0	0	6.28	0.55	31	76	37	74	0.055	0	0	0	0	0	
1395410064337	2014.03.21_17:54:24	1	-13	-2.3	-0.78	3	1.6	-0.031	0	-0.035	0.031	0.2	0.55	10.8	-0.059	0.0047	0.15	-0.03	0.029	0.047	0.056	-0.00078	0	4.82	0.16	0.16	0.3	0.21	0.21	0.2	0.052	0.052	0.02	0.06	0.06	0.15	0.03	0.03	0.05	0.28	0.28	0.21	0	0	6.28	0.55	31	78	38	71	0.064	0	0	0	0	0	
1395410064387	2014.03.21_17:54:24	1	-13	-2.3	-0.78	3	1.6	-0.031	0	-0.035	0.031	0.2	0.55	10.8	-0.059	0.0047	0.15	-0.03	0.029	0.047	0.056	-0.00078	0	4.82	0.16	0.16	0.3	0.21	0.21	0.2	0.052	0.052	0.02	0.06	0.06	0.15	0.03	0.03	0.05	0.28	0.28	0.21	0	0	6.28	0.55	31	78	38	71	0.064	0	0	0	0	0	
1395410064437	2014.03.21_17:54:24	1	-11	-1.6	-1.6	3	1.5	-0.03	0	-0.055	0.02	0.21	0.55	10.6	-0.059	0.0047	0.15	-0.03	0.029	0.047	0.034	-0.013	0.016	4.82	0.16	0.16	0.3	0.21	0.21	0.2	0.052	0.052	0.02	0.06	0.06	0.15	0.03	0.03	0.05	0.28	0.28	0.21	0	0	6.28	0.55	31	82	35	71	0.069	0	0	0	0	0	
1395410064487	2014.03.21_17:54:24	1	-11	-1.6	-1.6	3	1.5	-0.03	0	-0.055	0.02	0.21	0.55	10.6	-0.059	0.0047	0.15	-0.03	0.029	0.047	0.034	-0.013	0.016	4.82	0.16	0.16	0.3	0.21	0.21	0.2	0.052	0.052	0.02	0.06	0.06	0.15	0.03	0.03	0.05	0.28	0.28	0.21	0	0	6.28	0.55	31	82	35	71	0.069	0	0	0	0	0	
1395410064537	2014.03.21_17:54:24	1	-16	1.6	-1.6	3	1.4	-0.029	0	-0.039	0.031	0.22	0.55	10.5	-0.059	0.0047	0.15	-0.03	0.029	0.047	0.051	0.00078	0.023	4.79	0.16	0.16	0.3	0.21	0.21	0.2	0.052	0.052	0.02	0.06	0.06	0.15	0.03	0.03	0.05	0.28	0.28	0.21	0	0	6.28	0.55	29	80	36	73	0.061	0	0	0	0	0	
1395410064587	2014.03.21_17:54:24	1	-16	1.6	-1.6	3	1.4	-0.029	0	-0.039	0.031	0.22	0.55	10.5	-0.059	0.0047	0.15	-0.03	0.029	0.047	0.051	0.00078	0.023	4.79	0.16	0.16	0.3	0.21	0.21	0.2	0.052	0.052	0.02	0.06	0.06	0.15	0.03	0.03	0.05	0.28	0.28	0.21	0	0	6.28	0.55	29	80	36	73	0.061	0	0	0	0	0	
1395410064637	2014.03.21_17:54:24	1	-16	0.78	-2.3	3	1.3	-0.031	0	-0.039	0.047	0.23	0.55	10.4	-0.059	0.0047	0.15	-0.03	0.029	0.047	0.05	0.013	0.031	4.81	0.16	0.16	0.3	0.21	0.21	0.2	0.052	0.052	0.02	0.06	0.06	0.15	0.03	0.03	0.05	0.28	0.28	0.21	0	0	6.28	0.55	27	81	36	74	0.062	0	0	0	0	0	
1395410064687	2014.03.21_17:54:24	1	-16	0.78	-2.3	3	1.3	-0.031	0	-0.039	0.047	0.23	0.55	10.4	-0.059	0.0047	0.15	-0.03	0.029	0.047	0.05	0.013	0.031	4.81	0.16	0.16	0.3	0.21	0.21	0.2	0.052	0.052	0.02	0.06	0.06	0.15	0.03	0.03	0.05	0.28	0.28	0.21	0	0	6.28	0.55	27	81	36	74	0.062	0	0	0	0	0	
1395410064737	2014.03.21_17:54:24	1	-10	-5.5	-0.78	3	1.2	-0.016	0	-0.043	0.035	0.2	0.55	10.5	-0.059	0.0023	0.15	-0.03	0.029	0.047	0.047	0.0055	0	4.88	0.16	0.16	0.3	0.21	0.21	0.2	0.052	0.052	0.02	0.06	0.06	0.15	0.03	0.03	0.05	0.28	0.28	0.21	0	0	6.28	0.55	31	79	38	71	0.062	0	0	0	0	0	
1395410064787	2014.03.21_17:54:24	1	-10	-5.5	-0.78	3	1.2	-0.016	0	-0.043	0.035	0.2	0.55	10.5	-0.059	0.0023	0.15	-0.03	0.029	0.047	0.047	0.0055	0	4.88	0.16	0.16	0.3	0.21	0.21	0.2	0.052	0.052	0.02	0.06	0.06	0.15	0.03	0.03	0.05	0.28	0.28	0.21	0	0	6.28	0.55	31	79	38	71	0.062	0	0	0	0	0	
1395410064837	2014.03.21_17:54:24	1	-14	-3.1	-2.3	3	1.1	-0.021	0	-0.047	0.035	0.23	0.55	10.6	-0.059	0.0031	0.15	-0.03	0.029	0.047	0.041	0.0031	0.031	4.85	0.16	0.16	0.3	0.21	0.21	0.2	0.052	0.052	0.02	0.06	0.06	0.15	0.03	0.03	0.05	0.28	0.28	0.21	0	0	6.28	0.55	28	82	35	73	0.062	0	0	0	0	0	
1395410064887	2014.03.21_17:54:24	1	-14	-3.1	-2.3	3	1.1	-0.021	0	-0.047	0.035	0.23	0.55	10.6	-0.059	0.0031	0.15	-0.03	0.029	0.047	0.041	0.0031	0.031	4.85	0.16	0.16	0.3	0.21	0.21	0.2	0.052	0.052	0.02	0.06	0.06	0.15	0.03	0.03	0.05	0.28	0.28	0.21	0	0	6.28	0.55	28	82	35	73	0.062	0	0	0	0	0	
1395410064937	2014.03.21_17:54:24	1	-17	-4.7	-1.6	3	0.92	-0.0067	0	-0.02	0.031	0.22	0.55	10.6	-0.059	0.00078	0.15	-0.03	0.029	0.047	0.07	0.0016	0.023	4.86	0.16	0.16	0.3	0.21	0.21	0.2	0.052	0.052	0.02	0.06	0.06	0.15	0.03	0.03	0.05	0.28	0.28	0.21	0	0	6.28	0.55	29	79	35	75	0.065	0	0	0	0	0	
1395410064987	2014.03.21_17:54:24	1	-17	-4.7	-1.6	3	0.92	-0.0067	0	-0.02	0.031	0.22	0.55	10.6	-0.059	0.00078	0.15	-0.03	0.029	0.047	0.07	0.0016	0.023	4.86	0.16	0.16	0.3	0.21	0.21	0.2	0.052	0.052	0.02	0.06	0.06	0.15	0.03	0.03	0.05	0.28	0.28	0.21	0	0	6.28	0.55	29	79	35	75	0.065	0	0	0	0	0	
1395410065037	2014.03.21_17:54:25	1	-13	-0.78	-2.3	3	0.78	-0.014	0	-0.043	0.027	0.23	0.55	10.4	-0.059	0.0016	0.15	-0.03	0.029	0.047	0.047	-0.0016	0.039	4.93	0.16	0.16	0.3	0.21	0.21	0.2	0.052	0.052	0.02	0.06	0.06	0.15	0.03	0.03	0.05	0.28	0.28	0.21	0	0	6.28	0.55	28	82	34	74	0.067	0	0	0	0	0	
1395410065087	2014.03.21_17:54:25	1	-13	-0.78	-2.3	3	0.78	-0.014	0	-0.043	0.027	0.23	0.55	10.4	-0.059	0.0016	0.15	-0.03	0.029	0.047	0.047	-0.0016	0.039	4.93	0.16	0.16	0.3	0.21	0.21	0.2	0.052	0.052	0.02	0.06	0.06	0.15	0.03	0.03	0.05	0.28	0.28	0.21	0	0	6.28	0.55	28	82	34	74	0.067	0	0	0	0	0	
1395410065137	2014.03.21_17:54:25	1	-13	-1.6	1.6	3	0.69	-0.017	0	-0.043	0.051	0.15	0.55	11	-0.059	0.0023	0.15	-0.03	0.029	0.047	0.045	0.019	-0.047	4.94	0.16	0.16	0.3	0.21	0.21	0.2	0.052	0.052	0.02	0.06	0.06	0.15	0.03	0.03	0.05	0.28	0.28	0.21	0	0	6.28	0.55	34	74	44	66	0.062	0	0	0	0	0	
1395410065188	2014.03.21_17:54:25	1	-13	-1.6	1.6	3	0.69	-0.017	0	-0.043	0.051	0.15	0.55	11	-0.059	0.0023	0.15	-0.03	0.029	0.047	0.045	0.019	-0.047	4.94	0.16	0.16	0.3	0.21	0.21	0.2	0.052	0.052	0.02	0.06	0.06	0.15	0.03	0.03	0.05	0.28	0.28	0.21	0	0	6.28	0.55	34	74	44	66	0.062	0	0	0	0	0	
1395410065237	2014.03.21_17:54:25	1	-17	-1.6	-2.3	3	0.56	-0.022	0	-0.043	0.031	0.24	0.55	10.4	-0.059	0.0031	0.15	-0.03	0.029	0.047	0.046	-0.00078	0.039	4.96	0.16	0.16	0.3	0.21	0.21	0.2	0.052	0.052	0.02	0.06	0.06	0.15	0.03	0.03	0.05	0.28	0.28	0.21	0	0	6.28	0.55	27	83	34	74	0.072	0	0	0	0	0	
1395410065287	2014.03.21_17:54:25	1	-17	-1.6	-2.3	3	0.56	-0.022	0	-0.043	0.031	0.24	0.55	10.4	-0.059	0.0031	0.15	-0.03	0.029	0.047	0.046	-0.00078	0.039	4.96	0.16	0.16	0.3	0.21	0.21	0.2	0.052	0.052	0.02	0.06	0.06	0.15	0.03	0.03	0.05	0.28	0.28	0.21	0	0	6.28	0.55	27	83	34	74	0.072	0	0	0	0	0	
1395410065337	2014.03.21_17:54:25	1	-15	-3.1	0	3	0.43	-0.031	0	-0.043	0.035	0.2	0.55	10.9	-0.059	0.0047	0.15	-0.03	0.029	0.047	0.045	0.0023	0	5.01	0.16	0.16	0.3	0.21	0.21	0.2	0.052	0.052	0.02	0.06	0.06	0.15	0.03	0.03	0.05	0.28	0.28	0.21	0	0	6.28	0.55	31	78	39	70	0.063	0	0	0	0	0	
1395410065387	2014.03.21_17:54:25	1	-15	-3.1	0	3	0.43	-0.031	0	-0.043	0.035	0.2	0.55	10.9	-0.059	0.0047	0.15	-0.03	0.029	0.047	0.045	0.0023	0	5.01	0.16	0.16	0.3	0.21	0.21	0.2	0.052	0.052	0.02	0.06	0.06	0.15	0.03	0.03	0.05	0.28	0.28	0.21	0	0	6.28	0.55	31	78	39	70	0.063	0	0	0	0	0	
1395410065437	2014.03.21_17:54:25	1	-13	0.78	-0.78	3	0.32	-0.032	0	-0.035	0.027	0.2	0.55	10.5	-0.051	0.0047	0.15	-0.03	0.029	0.047	0.048	-0.0039	0	5.06	0.16	0.16	0.3	0.21	0.21	0.2	0.052	0.052	0.02	0.06	0.06	0.15	0.03	0.03	0.05	0.28	0.28	0.21	0	0	6.28	0.55	31	78	37	71	0.067	0	0	0	0	0	
1395410065487	2014.03.21_17:54:25	1	-13	0.78	-0.78	3	0.32	-0.032	0	-0.035	0.027	0.2	0.55	10.5	-0.051	0.0047	0.15	-0.03	0.029	0.047	0.048	-0.0039	0	5.06	0.16	0.16	0.3	0.21	0.21	0.2	0.052	0.052	0.02	0.06	0.06	0.15	0.03	0.03	0.05	0.28	0.28	0.21	0	0	6.28	0.55	31	78	37	71	0.067	0	0	0	0	0	
1395410065537	2014.03.21_17:54:25	1	-16	0.78	0	3	0.19	-0.047	0	-0.012	0.039	0.2	0.55	11	-0.03	0.007	0.15	-0.03	0.029	0.047	0.051	0.0055	0	5.12	0.16	0.16	0.3	0.21	0.21	0.2	0.052	0.052	0.02	0.06	0.06	0.15	0.03	0.03	0.05	0.28	0.28	0.21	0	0	6.28	0.55	31	75	39	73	0.065	0	0	0	0	0	
1395410065587	2014.03.21_17:54:25	1	-16	0.78	0	3	0.19	-0.047	0	-0.012	0.039	0.2	0.55	11	-0.03	0.007	0.15	-0.03	0.029	0.047	0.051	0.0055	0	5.12	0.16	0.16	0.3	0.21	0.21	0.2	0.052	0.052	0.02	0.06	0.06	0.15	0.03	0.03	0.05	0.28	0.28	0.21	0	0	6.28	0.55	31	75	39	73	0.065	0	0	0	0	0	
1395410065637	2014.03.21_17:54:25	1	-10	-1.6	0	3	0.061	-0.048	0	0.0039	0.039	0.2	0.55	10.6	-0.01	0.007	0.15	-0.03	0.029	0.047	0.045	0.0023	0	5.13	0.16	0.16	0.3	0.21	0.21	0.2	0.052	0.052	0.02	0.06	0.06	0.15	0.03	0.03	0.05	0.28	0.28	0.21	0	0	6.28	0.55	31	73	39	75	0.069	0	0	0	0	0	
1395410065687	2014.03.21_17:54:25	1	-10	-1.6	0	3	0.061	-0.048	0	0.0039	0.039	0.2	0.55	10.6	-0.01	0.007	0.15	-0.03	0.029	0.047	0.045	0.0023	0	5.13	0.16	0.16	0.3	0.21	0.21	0.2	0.052	0.052	0.02	0.06	0.06	0.15	0.03	0.03	0.05	0.28	0.28	0.21	0	0	6.28	0.55	31	73	39	75	0.069	0	0	0	0	0	
1395410065737	2014.03.21_17:54:25	1	-4.7	-0.78	-1.6	3	0.011	-0.056	0	-0.02	0.035	0.21	0.55	11	-0.0023	0.0086	0.15	-0.03	0.029	0.047	0.012	0	0.016	5.17	0.16	0.16	0.3	0.21	0.21	0.2	0.052	0.052	0.02	0.06	0.06	0.15	0.03	0.03	0.05	0.28	0.28	0.21	0	0	6.28	0.55	29	78	37	74	0.066	0	0	0	0	0	
1395410065787	2014.03.21_17:54:25	1	-4.7	-0.78	-1.6	3	0.011	-0.056	0	-0.02	0.035	0.21	0.55	11	-0.0023	0.0086	0.15	-0.03	0.029	0.047	0.012	0	0.016	5.17	0.16	0.16	0.3	0.21	0.21	0.2	0.052	0.052	0.02	0.06	0.06	0.15	0.03	0.03	0.05	0.28	0.28	0.21	0	0	6.28	0.55	29	78	37	74	0.066	0	0	0	0	0	
1395410065837	2014.03.21_17:54:25	1	-5.5	-1.6	0	3	-0.032	-0.063	0	-0.012	0.039	0.2	0.55	10.5	0.0047	0.0094	0.15	-0.03	0.029	0.047	0.016	0.0031	0	5.13	0.16	0.16	0.3	0.21	0.21	0.2	0.052	0.052	0.02	0.06	0.06	0.15	0.03	0.03	0.05	0.28	0.28	0.21	0	0	6.28	0.55	31	75	39	73	0.066	0	0	0	0	0	
1395410065887	2014.03.21_17:54:25	1	-5.5	-1.6	0	3	-0.032	-0.063	0	-0.012	0.039	0.2	0.55	10.5	0.0047	0.0094	0.15	-0.03	0.029	0.047	0.016	0.0031	0	5.13	0.16	0.16	0.3	0.21	0.21	0.2	0.052	0.052	0.02	0.06	0.06	0.15	0.03	0.03	0.05	0.28	0.28	0.21	0	0	6.28	0.55	31	75	39	73	0.066	0	0	0	0	0	
1395410065937	2014.03.21_17:54:25	1	-5.5	-0.78	-0.78	3	-0.085	-0.068	0	0.0039	0.039	0.2	0.55	10.7	0.013	0.01	0.15	-0.028	0.029	0.047	0.02	0	0.0078	5.18	0.16	0.16	0.3	0.21	0.21	0.2	0.052	0.052	0.02	0.06	0.06	0.15	0.03	0.03	0.05	0.28	0.28	0.21	0	0	6.28	0.55	30	75	38	76	0.069	0	0	0	0	0	
1395410065987	2014.03.21_17:54:25	1	-5.5	-0.78	-0.78	3	-0.085	-0.068	0	0.0039	0.039	0.2	0.55	10.7	0.013	0.01	0.15	-0.028	0.029	0.047	0.02	0	0.0078	5.18	0.16	0.16	0.3	0.21	0.21	0.2	0.052	0.052	0.02	0.06	0.06	0.15	0.03	0.03	0.05	0.28	0.28	0.21	0	0	6.28	0.55	30	75	38	76	0.069	0	0	0	0	0	
1395410066037	2014.03.21_17:54:26	1	-3.1	-1.6	0	3	-0.12	-0.071	0	0.0039	0.039	0.2	0.55	10.7	0.019	0.011	0.15	-0.026	0.029	0.047	0.012	0.0016	0	5.19	0.16	0.16	0.3	0.21	0.21	0.2	0.052	0.052	0.02	0.06	0.06	0.15	0.03	0.03	0.05	0.28	0.28	0.21	0	0	6.28	0.55	31	74	39	75	0.063	0	0	0	0	0	
1395410066087	2014.03.21_17:54:26	1	-3.1	-1.6	0	3	-0.12	-0.071	0	0.0039	0.039	0.2	0.55	10.7	0.019	0.011	0.15	-0.026	0.029	0.047	0.012	0.0016	0	5.19	0.16	0.16	0.3	0.21	0.21	0.2	0.052	0.052	0.02	0.06	0.06	0.15	0.03	0.03	0.05	0.28	0.28	0.21	0	0	6.28	0.55	31	74	39	75	0.063	0	0	0	0	0	
1395410066137	2014.03.21_17:54:26	1	-1.6	-0.78	-1.6	3	-0.14	-0.078	0	0	0.043	0.21	0.55	10.8	0.021	0.013	0.15	-0.023	0.029	0.047	0.0039	0.0039	0.016	5.25	0.16	0.16	0.3	0.21	0.21	0.2	0.052	0.052	0.02	0.06	0.06	0.15	0.03	0.03	0.05	0.28	0.28	0.21	0	0	6.28	0.55	28	76	37	77	0.065	0	0	0	0	0	
1395410066187	2014.03.21_17:54:26	1	-1.6	-0.78	-1.6	3	-0.14	-0.078	0	0	0.043	0.21	0.55	10.8	0.021	0.013	0.15	-0.023	0.029	0.047	0.0039	0.0039	0.016	5.25	0.16	0.16	0.3	0.21	0.21	0.2	0.052	0.052	0.02	0.06	0.06	0.15	0.03	0.03	0.05	0.28	0.28	0.21	0	0	6.28	0.55	28	76	37	77	0.065	0	0	0	0	0	
1395410066237	2014.03.21_17:54:26	1	-1.6	-1.6	-0.78	3	-0.15	-0.083	0	0.012	0.039	0.2	0.55	10.9	0.023	0.013	0.15	-0.02	0.029	0.047	0.0078	0	0	5.24	0.16	0.16	0.3	0.21	0.21	0.2	0.052	0.052	0.02	0.06	0.06	0.15	0.03	0.03	0.05	0.28	0.28	0.21	0	0	6.28	0.55	30	73	39	76	0.068	0	0	0	0	0	
1395410066287	2014.03.21_17:54:26	1	-1.6	-1.6	-0.78	3	-0.15	-0.083	0	0.012	0.039	0.2	0.55	10.9	0.023	0.013	0.15	-0.02	0.029	0.047	0.0078	0	0	5.24	0.16	0.16	0.3	0.21	0.21	0.2	0.052	0.052	0.02	0.06	0.06	0.15	0.03	0.03	0.05	0.28	0.28	0.21	0	0	6.28	0.55	30	73	39	76	0.068	0	0	0	0	0	
1395410066337	2014.03.21_17:54:26	1	-0.78	-0.78	-1.6	3	-0.15	-0.087	0	0.0039	0.047	0.21	0.55	11.1	0.024	0.013	0.15	-0.017	0.029	0.047	-0.00078	0.0039	0.016	5.25	0.16	0.16	0.3	0.21	0.21	0.2	0.052	0.052	0.02	0.06	0.06	0.15	0.03	0.03	0.05	0.28	0.28	0.21	0	0	6.28	0.55	29	75	38	76	0.069	0	0	0	0	0	
1395410066387	2014.03.21_17:54:26	1	-0.78	-0.78	-1.6	3	-0.15	-0.087	0	0.0039	0.047	0.21	0.55	11.1	0.024	0.013	0.15	-0.017	0.029	0.047	-0.00078	0.0039	0.016	5.25	0.16	0.16	0.3	0.21	0.21	0.2	0.052	0.052	0.02	0.06	0.06	0.15	0.03	0.03	0.05	0.28	0.28	0.21	0	0	6.28	0.55	29	75	38	76	0.069	0	0	0	0	0	
1395410066437	2014.03.21_17:54:26	1	0.78	-1.6	-0.78	3	-0.15	-0.09	0	0.012	0.043	0.2	0.55	10.5	0.024	0.014	0.15	-0.014	0.029	0.047	0.0016	-0.00078	0.0078	5.3	0.16	0.16	0.3	0.21	0.21	0.2	0.052	0.052	0.02	0.06	0.06	0.15	0.03	0.03	0.05	0.28	0.28	0.21	0	0	6.28	0.55	30	74	38	76	0.066	0	0	0	0	0	
1395410066487	2014.03.21_17:54:26	1	0.78	-1.6	-0.78	3	-0.15	-0.09	0	0.012	0.043	0.2	0.55	10.5	0.024	0.014	0.15	-0.014	0.029	0.047	0.0016	-0.00078	0.0078	5.3	0.16	0.16	0.3	0.21	0.21	0.2	0.052	0.052	0.02	0.06	0.06	0.15	0.03	0.03	0.05	0.28	0.28	0.21	0	0	6.28	0.55	30	74	38	76	0.066	0	0	0	0	0	
1395410066537	2014.03.21_17:54:26	1	0.78	-1.6	-0.78	3	-0.14	-0.096	0	0	0.043	0.2	0.55	10.6	0.023	0.015	0.15	-0.012	0.029	0.047	-0.0094	-0.00078	0.0078	5.29	0.16	0.16	0.3	0.21	0.21	0.2	0.052	0.052	0.02	0.06	0.06	0.15	0.03	0.03	0.05	0.28	0.28	0.21	0	0	6.28	0.55	29	75	38	75	0.061	0	0	0	0	0	
1395410066587	2014.03.21_17:54:26	1	0.78	-1.6	-0.78	3	-0.14	-0.096	0	0	0.043	0.2	0.55	10.6	0.023	0.015	0.15	-0.012	0.029	0.047	-0.0094	-0.00078	0.0078	5.29	0.16	0.16	0.3	0.21	0.21	0.2	0.052	0.052	0.02	0.06	0.06	0.15	0.03	0.03	0.05	0.28	0.28	0.21	0	0	6.28	0.55	29	75	38	75	0.061	0	0	0	0	0	
1395410066637	2014.03.21_17:54:26	1	0.78	0	-0.78	3	-0.13	-0.099	0	0.0078	0.047	0.2	0.55	10.4	0.021	0.016	0.15	-0.0086	0.029	0.047	-0.0047	0.0031	0.0078	5.3	0.16	0.16	0.3	0.21	0.21	0.2	0.052	0.052	0.02	0.06	0.06	0.15	0.03	0.03	0.05	0.28	0.28	0.21	0	0	6.28	0.55	29	74	39	76	0.063	0	0	0	0	0	
1395410066687	2014.03.21_17:54:26	1	0.78	0	-0.78	3	-0.13	-0.099	0	0.0078	0.047	0.2	0.55	10.4	0.021	0.016	0.15	-0.0086	0.029	0.047	-0.0047	0.0031	0.0078	5.3	0.16	0.16	0.3	0.21	0.21	0.2	0.052	0.052	0.02	0.06	0.06	0.15	0.03	0.03	0.05	0.28	0.28	0.21	0	0	6.28	0.55	29	74	39	76	0.063	0	0	0	0	0	
1395410066737	2014.03.21_17:54:26	1	1.6	-0.78	-1.6	3	-0.12	-0.1	0	0.012	0.047	0.21	0.55	10.8	0.019	0.016	0.15	-0.0063	0.029	0.047	0.00078	0.0031	0.016	5.35	0.16	0.16	0.3	0.21	0.21	0.2	0.052	0.052	0.02	0.06	0.06	0.15	0.03	0.03	0.05	0.28	0.28	0.21	0	0	6.28	0.55	28	74	38	77	0.064	0	0	0	0	0	
1395410066787	2014.03.21_17:54:26	1	1.6	-0.78	-1.6	3	-0.12	-0.1	0	0.012	0.047	0.21	0.55	10.8	0.019	0.016	0.15	-0.0063	0.029	0.047	0.00078	0.0031	0.016	5.35	0.16	0.16	0.3	0.21	0.21	0.2	0.052	0.052	0.02	0.06	0.06	0.15	0.03	0.03	0.05	0.28	0.28	0.21	0	0	6.28	0.55	28	74	38	77	0.064	0	0	0	0	0	
1395410066837	2014.03.21_17:54:26	1	0.78	-1.6	-0.78	3	-0.1	-0.1	0	0.0039	0.039	0.2	0.55	10.8	0.016	0.016	0.15	-0.0039	0.029	0.047	-0.0086	-0.0047	0.0078	5.29	0.16	0.16	0.3	0.21	0.21	0.2	0.052	0.052	0.02	0.06	0.06	0.15	0.03	0.03	0.05	0.28	0.28	0.21	0	0	6.28	0.55	30	75	38	76	0.066	0	0	0	0	0	
1395410066887	2014.03.21_17:54:26	1	0.78	-1.6	-0.78	3	-0.1	-0.1	0	0.0039	0.039	0.2	0.55	10.8	0.016	0.016	0.15	-0.0039	0.029	0.047	-0.0086	-0.0047	0.0078	5.29	0.16	0.16	0.3	0.21	0.21	0.2	0.052	0.052	0.02	0.06	0.06	0.15	0.03	0.03	0.05	0.28	0.28	0.21	0	0	6.28	0.55	30	75	38	76	0.066	0	0	0	0	0	
1395410066937	2014.03.21_17:54:26	1	1.6	-1.6	-1.6	3	-0.095	-0.11	0	0.012	0.047	0.21	0.55	10.7	0.015	0.016	0.15	-0.0016	0.029	0.047	-0.00078	0.00078	0.016	5.21	0.16	0.16	0.3	0.21	0.21	0.2	0.052	0.052	0.02	0.06	0.06	0.15	0.03	0.03	0.05	0.28	0.28	0.21	0	0	6.28	0.55	29	74	38	77	0.064	0	0	0	0	0	
1395410066987	2014.03.21_17:54:26	1	1.6	-1.6	-1.6	3	-0.095	-0.11	0	0.012	0.047	0.21	0.55	10.7	0.015	0.016	0.15	-0.0016	0.029	0.047	-0.00078	0.00078	0.016	5.21	0.16	0.16	0.3	0.21	0.21	0.2	0.052	0.052	0.02	0.06	0.06	0.15	0.03	0.03	0.05	0.28	0.28	0.21	0	0	6.28	0.55	29	74	38	77	0.064	0	0	0	0	0	
1395410067037	2014.03.21_17:54:27	1	0.78	-1.6	-0.78	3	-0.08	-0.11	0	0	0.043	0.2	0.55	10.6	0.013	0.017	0.15	0	0.029	0.047	-0.01	-0.0039	0.0078	5.35	0.16	0.16	0.3	0.21	0.21	0.2	0.052	0.052	0.02	0.06	0.06	0.15	0.03	0.03	0.05	0.28	0.28	0.21	0	0	6.28	0.55	29	75	38	75	0.064	0	0	0	0	0	
1395410067087	2014.03.21_17:54:27	1	0.78	-1.6	-0.78	3	-0.08	-0.11	0	0	0.043	0.2	0.55	10.6	0.013	0.017	0.15	0	0.029	0.047	-0.01	-0.0039	0.0078	5.35	0.16	0.16	0.3	0.21	0.21	0.2	0.052	0.052	0.02	0.06	0.06	0.15	0.03	0.03	0.05	0.28	0.28	0.21	0	0	6.28	0.55	29	75	38	75	0.064	0	0	0	0	0	
1395410067137	2014.03.21_17:54:27	1	1.6	0	-0.78	3	-0.068	-0.11	0	0.0078	0.051	0.2	0.55	10.5	0.01	0.017	0.15	0.0016	0.029	0.047	-0.0016	0.0063	0.0078	5.33	0.16	0.16	0.3	0.21	0.21	0.2	0.052	0.052	0.02	0.06	0.06	0.15	0.03	0.03	0.05	0.28	0.28	0.21	0	0	6.28	0.55	28	74	39	76	0.065	0	0	0	0	0	
1395410067187	2014.03.21_17:54:27	1	1.6	0	-0.78	3	-0.068	-0.11	0	0.0078	0.051	0.2	0.55	10.5	0.01	0.017	0.15	0.0016	0.029	0.047	-0.0016	0.0063	0.0078	5.33	0.16	0.16	0.3	0.21	0.21	0.2	0.052	0.052	0.02	0.06	0.06	0.15	0.03	0.03	0.05	0.28	0.28	0.21	0	0	6.28	0.55	28	74	39	76	0.065	0	0	0	0	0	
1395410067237	2014.03.21_17:54:27	1	1.6	0	-0.78	3	-0.047	-0.11	0	-0.012	0.043	0.2	0.55	10.5	0.007	0.018	0.15	0.0023	0.029	0.047	-0.02	-0.0023	0.0078	5.37	0.16	0.16	0.3	0.21	0.21	0.2	0.052	0.052	0.02	0.06	0.06	0.15	0.03	0.03	0.05	0.28	0.28	0.21	0	0	6.28	0.55	29	76	38	74	0.065	0	0	0	0	0	
1395410067287	2014.03.21_17:54:27	1	1.6	0	-0.78	3	-0.047	-0.11	0	-0.012	0.043	0.2	0.55	10.5	0.007	0.018	0.15	0.0023	0.029	0.047	-0.02	-0.0023	0.0078	5.37	0.16	0.16	0.3	0.21	0.21	0.2	0.052	0.052	0.02	0.06	0.06	0.15	0.03	0.03	0.05	0.28	0.28	0.21	0	0	6.28	0.55	29	76	38	74	0.065	0	0	0	0	0	
1395410067337	2014.03.21_17:54:27	1	1.6	-0.78	-0.78	3	-0.034	-0.12	0	0.0039	0.055	0.2	0.55	10.7	0.0047	0.018	0.15	0.0031	0.029	0.047	-0.0039	0.007	0.0078	5.3	0.16	0.16	0.3	0.21	0.21	0.2	0.052	0.052	0.02	0.06	0.06	0.15	0.03	0.03	0.05	0.28	0.28	0.21	0	0	6.28	0.55	28	75	39	76	0.062	0	0	0	0	0	
1395410067387	2014.03.21_17:54:27	1	1.6	-0.78	-0.78	3	-0.034	-0.12	0	0.0039	0.055	0.2	0.55	10.7	0.0047	0.018	0.15	0.0031	0.029	0.047	-0.0039	0.007	0.0078	5.3	0.16	0.16	0.3	0.21	0.21	0.2	0.052	0.052	0.02	0.06	0.06	0.15	0.03	0.03	0.05	0.28	0.28	0.21	0	0	6.28	0.55	28	75	39	76	0.062	0	0	0	0	0	
1395410067437	2014.03.21_17:54:27	1	1.6	-1.6	-1.6	3	-0.019	-0.11	0	0.0039	0.043	0.21	0.55	10.6	0.0023	0.018	0.15	0.0039	0.029	0.047	0	-0.0039	0.016	5.36	0.16	0.16	0.3	0.21	0.21	0.2	0.052	0.052	0.02	0.06	0.06	0.15	0.03	0.03	0.05	0.28	0.28	0.21	0	0	6.28	0.55	29	75	38	76	0.068	0	0	0	0	0	
1395410067487	2014.03.21_17:54:27	1	1.6	-1.6	-1.6	3	-0.019	-0.11	0	0.0039	0.043	0.21	0.55	10.6	0.0023	0.018	0.15	0.0039	0.029	0.047	0	-0.0039	0.016	5.36	0.16	0.16	0.3	0.21	0.21	0.2	0.052	0.052	0.02	0.06	0.06	0.15	0.03	0.03	0.05	0.28	0.28	0.21	0	0	6.28	0.55	29	75	38	76	0.068	0	0	0	0	0	
1395410067537	2014.03.21_17:54:27	1	0.78	-1.6	-1.6	3	-0.0064	-0.12	0	-0.0039	0.047	0.21	0.55	10.7	0.00078	0.019	0.15	0.0039	0.029	0.047	-0.007	0.00078	0.016	5.34	0.16	0.16	0.3	0.21	0.21	0.2	0.052	0.052	0.02	0.06	0.06	0.15	0.03	0.03	0.05	0.28	0.28	0.21	0	0	6.28	0.55	28	76	38	76	0.064	0	0	0	0	0	
1395410067587	2014.03.21_17:54:27	1	0.78	-1.6	-1.6	3	-0.0064	-0.12	0	-0.0039	0.047	0.21	0.55	10.7	0.00078	0.019	0.15	0.0039	0.029	0.047	-0.007	0.00078	0.016	5.34	0.16	0.16	0.3	0.21	0.21	0.2	0.052	0.052	0.02	0.06	0.06	0.15	0.03	0.03	0.05	0.28	0.28	0.21	0	0	6.28	0.55	28	76	38	76	0.064	0	0	0	0	0	
1395410067637	2014.03.21_17:54:27	1	0	-1.6	-0.78	3	0.00031	-0.12	0	-0.0039	0.047	0.2	0.55	10.9	-0.00078	0.019	0.15	0.0039	0.029	0.047	-0.007	0.00078	0	5.23	0.16	0.16	0.3	0.21	0.21	0.2	0.052	0.052	0.02	0.06	0.06	0.15	0.03	0.03	0.05	0.28	0.28	0.21	0	0	6.28	0.55	29	75	39	74	0.065	0	0	0	0	0	
1395410067687	2014.03.21_17:54:27	1	0	-1.6	-0.78	3	0.00031	-0.12	0	-0.0039	0.047	0.2	0.55	10.9	-0.00078	0.019	0.15	0.0039	0.029	0.047	-0.007	0.00078	0	5.23	0.16	0.16	0.3	0.21	0.21	0.2	0.052	0.052	0.02	0.06	0.06	0.15	0.03	0.03	0.05	0.28	0.28	0.21	0	0	6.28	0.55	29	75	39	74	0.065	0	0	0	0	0	
1395410067737	2014.03.21_17:54:27	1	0.78	0	-1.6	3	0.011	-0.12	0	0.0039	0.051	0.21	0.55	10.6	-0.0023	0.019	0.15	0.0039	0.029	0.047	0.0023	0.0023	0.016	5.34	0.16	0.16	0.3	0.21	0.21	0.2	0.052	0.052	0.02	0.06	0.06	0.15	0.03	0.03	0.05	0.28	0.28	0.21	0	0	6.28	0.55	28	75	38	76	0.067	0	0	0	0	0	
1395410067787	2014.03.21_17:54:27	1	0.78	0	-1.6	3	0.011	-0.12	0	0.0039	0.051	0.21	0.55	10.6	-0.0023	0.019	0.15	0.0039	0.029	0.047	0.0023	0.0023	0.016	5.34	0.16	0.16	0.3	0.21	0.21	0.2	0.052	0.052	0.02	0.06	0.06	0.15	0.03	0.03	0.05	0.28	0.28	0.21	0	0	6.28	0.55	28	75	38	76	0.067	0	0	0	0	0	
1395410067837	2014.03.21_17:54:27	1	0	-0.78	-0.78	3	0.02	-0.12	0	-0.0039	0.051	0.2	0.55	10.6	-0.0039	0.019	0.15	0.0039	0.029	0.047	-0.0031	0.0016	0	5.37	0.16	0.16	0.3	0.21	0.21	0.2	0.052	0.052	0.02	0.06	0.06	0.15	0.03	0.03	0.05	0.28	0.28	0.21	0	0	6.28	0.55	29	75	39	74	0.062	0	0	0	0	0	
1395410067887	2014.03.21_17:54:27	1	0	-0.78	-0.78	3	0.02	-0.12	0	-0.0039	0.051	0.2	0.55	10.6	-0.0039	0.019	0.15	0.0039	0.029	0.047	-0.0031	0.0016	0	5.37	0.16	0.16	0.3	0.21	0.21	0.2	0.052	0.052	0.02	0.06	0.06	0.15	0.03	0.03	0.05	0.28	0.28	0.21	0	0	6.28	0.55	29	75	39	74	0.062	0	0	0	0	0	
1395410067937	2014.03.21_17:54:27	1	0	-0.78	-1.6	3	0.03	-0.12	0	0	0.047	0.21	0.55	10.8	-0.0055	0.02	0.15	0.0031	0.029	0.047	0.00078	0	0.016	5.25	0.16	0.16	0.3	0.21	0.21	0.2	0.052	0.052	0.02	0.06	0.06	0.15	0.03	0.03	0.05	0.28	0.28	0.21	0	0	6.28	0.55	28	76	38	76	0.066	0	0	0	0	0	
1395410067987	2014.03.21_17:54:27	1	0	-0.78	-1.6	3	0.03	-0.12	0	0	0.047	0.21	0.55	10.8	-0.0055	0.02	0.15	0.0031	0.029	0.047	0.00078	0	0.016	5.25	0.16	0.16	0.3	0.21	0.21	0.2	0.052	0.052	0.02	0.06	0.06	0.15	0.03	0.03	0.05	0.28	0.28	0.21	0	0	6.28	0.55	28	76	38	76	0.066	0	0	0	0	0	
1395410068037	2014.03.21_17:54:28	1	0.78	-0.78	-0.78	3	0.041	-0.12	0	-0.016	0.051	0.2	0.55	10.8	-0.007	0.02	0.15	0.0023	0.029	0.047	-0.0094	0.0023	0	5.39	0.16	0.16	0.3	0.21	0.21	0.2	0.052	0.052	0.02	0.06	0.06	0.15	0.03	0.03	0.05	0.28	0.28	0.21	0	0	6.28	0.55	29	76	40	73	0.068	0	0	0	0	0	
1395410068087	2014.03.21_17:54:28	1	0.78	-0.78	-0.78	3	0.041	-0.12	0	-0.016	0.051	0.2	0.55	10.8	-0.007	0.02	0.15	0.0023	0.029	0.047	-0.0094	0.0023	0	5.39	0.16	0.16	0.3	0.21	0.21	0.2	0.052	0.052	0.02	0.06	0.06	0.15	0.03	0.03	0.05	0.28	0.28	0.21	0	0	6.28	0.55	29	76	40	73	0.068	0	0	0	0	0	
1395410068137	2014.03.21_17:54:28	1	0	0	-0.78	3	0.047	-0.12	0	-0.012	0.047	0.2	0.55	10.7	-0.0078	0.02	0.15	0.0016	0.029	0.047	-0.0047	0	0.0078	5.4	0.16	0.16	0.3	0.21	0.21	0.2	0.052	0.052	0.02	0.06	0.06	0.15	0.03	0.03	0.05	0.28	0.28	0.21	0	0	6.28	0.55	29	76	39	74	0.069	0	0	0	0	0	
1395410068187	2014.03.21_17:54:28	1	0	0	-0.78	3	0.047	-0.12	0	-0.012	0.047	0.2	0.55	10.7	-0.0078	0.02	0.15	0.0016	0.029	0.047	-0.0047	0	0.0078	5.4	0.16	0.16	0.3	0.21	0.21	0.2	0.052	0.052	0.02	0.06	0.06	0.15	0.03	0.03	0.05	0.28	0.28	0.21	0	0	6.28	0.55	29	76	39	74	0.069	0	0	0	0	0	
1395410068237	2014.03.21_17:54:28	1	0	-0.78	-1.6	3	0.052	-0.13	0	-0.0078	0.051	0.21	0.55	10.9	-0.0063	0.02	0.15	0.00078	0.029	0.047	-0.0023	0.0039	0.016	5.25	0.16	0.16	0.3	0.21	0.21	0.2	0.052	0.052	0.02	0.06	0.06	0.15	0.03	0.03	0.05	0.28	0.28	0.21	0	0	6.28	0.55	28	76	39	75	0.07	0	0	0	0	0	
1395410068287	2014.03.21_17:54:28	1	0	-0.78	-1.6	3	0.052	-0.13	0	-0.0078	0.051	0.21	0.55	10.9	-0.0063	0.02	0.15	0.00078	0.029	0.047	-0.0023	0.0039	0.016	5.25	0.16	0.16	0.3	0.21	0.21	0.2	0.052	0.052	0.02	0.06	0.06	0.15	0.03	0.03	0.05	0.28	0.28	0.21	0	0	6.28	0.55	28	76	39	75	0.07	0	0	0	0	0	
1395410068337	2014.03.21_17:54:28	1	0	-1.6	-0.78	3	0.059	-0.13	0	-0.012	0.051	0.2	0.55	10.5	-0.0031	0.02	0.15	0	0.029	0.047	-0.0063	0.00078	0	5.38	0.16	0.16	0.3	0.21	0.21	0.2	0.052	0.052	0.02	0.06	0.06	0.15	0.03	0.03	0.05	0.28	0.28	0.21	0	0	6.28	0.55	29	75	39	74	0.065	0	0	0	0	0	
1395410068387	2014.03.21_17:54:28	1	0	-1.6	-0.78	3	0.059	-0.13	0	-0.012	0.051	0.2	0.55	10.5	-0.0031	0.02	0.15	0	0.029	0.047	-0.0063	0.00078	0	5.38	0.16	0.16	0.3	0.21	0.21	0.2	0.052	0.052	0.02	0.06	0.06	0.15	0.03	0.03	0.05	0.28	0.28	0.21	0	0	6.28	0.55	29	75	39	74	0.065	0	0	0	0	0	
1395410068437	2014.03.21_17:54:28	1	-0.78	0	-0.78	3	0.057	-0.13	0	0	0.047	0.2	0.55	10.5	0.0016	0.02	0.15	-0.00078	0.029	0.047	0.00078	0	0.0078	5.37	0.16	0.16	0.3	0.21	0.21	0.2	0.052	0.052	0.02	0.06	0.06	0.15	0.03	0.03	0.05	0.28	0.28	0.21	0	0	6.28	0.55	29	75	39	75	0.065	0	0	0	0	0	
1395410068487	2014.03.21_17:54:28	1	-0.78	0	-0.78	3	0.057	-0.13	0	0	0.047	0.2	0.55	10.5	0.0016	0.02	0.15	-0.00078	0.029	0.047	0.00078	0	0.0078	5.37	0.16	0.16	0.3	0.21	0.21	0.2	0.052	0.052	0.02	0.06	0.06	0.15	0.03	0.03	0.05	0.28	0.28	0.21	0	0	6.28	0.55	29	75	39	75	0.065	0	0	0	0	0	
1395410068537	2014.03.21_17:54:28	1	0.78	-1.6	-0.78	3	0.056	-0.13	0	0.012	0.055	0.2	0.55	10.9	0.0063	0.02	0.15	0	0.029	0.047	0.0047	0.0063	0.0078	5.25	0.16	0.16	0.3	0.21	0.21	0.2	0.052	0.052	0.02	0.06	0.06	0.15	0.03	0.03	0.05	0.28	0.28	0.21	0	0	6.28	0.55	28	74	40	76	0.066	0	0	0	0	0	
1395410068587	2014.03.21_17:54:28	1	0.78	-1.6	-0.78	3	0.056	-0.13	0	0.012	0.055	0.2	0.55	10.9	0.0063	0.02	0.15	0	0.029	0.047	0.0047	0.0063	0.0078	5.25	0.16	0.16	0.3	0.21	0.21	0.2	0.052	0.052	0.02	0.06	0.06	0.15	0.03	0.03	0.05	0.28	0.28	0.21	0	0	6.28	0.55	28	74	40	76	0.066	0	0	0	0	0	
1395410068637	2014.03.21_17:54:28	1	1.6	-1.6	-1.6	3	0.07	-0.13	0	0.0039	0.043	0.21	0.55	10.9	0.0086	0.02	0.15	0.00078	0.029	0.047	-0.0023	-0.0039	0.016	5.38	0.16	0.16	0.3	0.21	0.21	0.2	0.052	0.052	0.02	0.06	0.06	0.15	0.03	0.03	0.05	0.28	0.28	0.21	0	0	6.28	0.55	29	75	38	76	0.068	0	0	0	0	0	
1395410068687	2014.03.21_17:54:28	1	1.6	-1.6	-1.6	3	0.07	-0.13	0	0.0039	0.043	0.21	0.55	10.9	0.0086	0.02	0.15	0.00078	0.029	0.047	-0.0023	-0.0039	0.016	5.38	0.16	0.16	0.3	0.21	0.21	0.2	0.052	0.052	0.02	0.06	0.06	0.15	0.03	0.03	0.05	0.28	0.28	0.21	0	0	6.28	0.55	29	75	38	76	0.068	0	0	0	0	0	
1395410068737	2014.03.21_17:54:28	1	1.6	-1.6	-1.6	3	0.093	-0.13	0	-0.0039	0.047	0.21	0.55	10.9	0.0094	0.02	0.15	0.0016	0.029	0.047	-0.014	0	0.016	5.36	0.16	0.16	0.3	0.21	0.21	0.2	0.052	0.052	0.02	0.06	0.06	0.15	0.03	0.03	0.05	0.28	0.28	0.21	0	0	6.28	0.55	28	76	38	76	0.067	0	0	0	0	0	
1395410068787	2014.03.21_17:54:28	1	1.6	-1.6	-1.6	3	0.093	-0.13	0	-0.0039	0.047	0.21	0.55	10.9	0.0094	0.02	0.15	0.0016	0.029	0.047	-0.014	0	0.016	5.36	0.16	0.16	0.3	0.21	0.21	0.2	0.052	0.052	0.02	0.06	0.06	0.15	0.03	0.03	0.05	0.28	0.28	0.21	0	0	6.28	0.55	28	76	38	76	0.067	0	0	0	0	0	
1395410068837	2014.03.21_17:54:28	1	2.3	-1.6	-0.78	3	0.12	-0.13	0	0	0.047	0.2	0.55	10.5	0.01	0.02	0.15	0.0023	0.029	0.047	-0.011	0.00078	0	5.31	0.16	0.16	0.3	0.21	0.21	0.2	0.052	0.052	0.02	0.06	0.06	0.15	0.03	0.03	0.05	0.28	0.28	0.21	0	0	6.28	0.55	29	74	39	75	0.064	0	0	0	0	0	
1395410068887	2014.03.21_17:54:28	1	2.3	-1.6	-0.78	3	0.12	-0.13	0	0	0.047	0.2	0.55	10.5	0.01	0.02	0.15	0.0023	0.029	0.047	-0.011	0.00078	0	5.31	0.16	0.16	0.3	0.21	0.21	0.2	0.052	0.052	0.02	0.06	0.06	0.15	0.03	0.03	0.05	0.28	0.28	0.21	0	0	6.28	0.55	29	74	39	75	0.064	0	0	0	0	0	
1395410068937	2014.03.21_17:54:28	1	3.1	-0.78	-1.6	3	0.15	-0.13	0	-0.0078	0.051	0.21	0.55	10.5	0.0094	0.02	0.15	0.0039	0.029	0.047	-0.02	0.00078	0.016	5.34	0.16	0.16	0.3	0.21	0.21	0.2	0.052	0.052	0.02	0.06	0.06	0.15	0.03	0.03	0.05	0.28	0.28	0.21	0	0	6.28	0.55	28	76	38	75	0.067	0	0	0	0	0	
1395410068987	2014.03.21_17:54:28	1	3.1	-0.78	-1.6	3	0.15	-0.13	0	-0.0078	0.051	0.21	0.55	10.5	0.0094	0.02	0.15	0.0039	0.029	0.047	-0.02	0.00078	0.016	5.34	0.16	0.16	0.3	0.21	0.21	0.2	0.052	0.052	0.02	0.06	0.06	0.15	0.03	0.03	0.05	0.28	0.28	0.21	0	0	6.28	0.55	28	76	38	75	0.067	0	0	0	0	0	
1395410069037	2014.03.21_17:54:29	1	3.9	-1.6	-0.78	3	0.17	-0.13	0	0.0078	0.051	0.2	0.55	10.3	0.01	0.02	0.15	0.0047	0.029	0.047	-0.007	0.00078	0.0078	5.34	0.16	0.16	0.3	0.21	0.21	0.2	0.052	0.052	0.02	0.06	0.06	0.15	0.03	0.03	0.05	0.28	0.28	0.21	0	0	6.28	0.55	29	74	39	76	0.065	0	0	0	0	0	
1395410069087	2014.03.21_17:54:29	1	3.9	-1.6	-0.78	3	0.17	-0.13	0	0.0078	0.051	0.2	0.55	10.3	0.01	0.02	0.15	0.0047	0.029	0.047	-0.007	0.00078	0.0078	5.34	0.16	0.16	0.3	0.21	0.21	0.2	0.052	0.052	0.02	0.06	0.06	0.15	0.03	0.03	0.05	0.28	0.28	0.21	0	0	6.28	0.55	29	74	39	76	0.065	0	0	0	0	0	
1395410069137	2014.03.21_17:54:29	1	4.7	0	-1.6	3	0.23	-0.13	0	-0.016	0.043	0.21	0.55	10.9	0.0055	0.02	0.15	0.0055	0.029	0.047	-0.028	-0.0055	0.016	5.31	0.16	0.16	0.3	0.21	0.21	0.2	0.052	0.052	0.02	0.06	0.06	0.15	0.03	0.03	0.05	0.28	0.28	0.21	0	0	6.28	0.55	29	77	38	74	0.065	0	0	0	0	0	
1395410069187	2014.03.21_17:54:29	1	4.7	0	-1.6	3	0.23	-0.13	0	-0.016	0.043	0.21	0.55	10.9	0.0055	0.02	0.15	0.0055	0.029	0.047	-0.028	-0.0055	0.016	5.31	0.16	0.16	0.3	0.21	0.21	0.2	0.052	0.052	0.02	0.06	0.06	0.15	0.03	0.03	0.05	0.28	0.28	0.21	0	0	6.28	0.55	29	77	38	74	0.065	0	0	0	0	0	
1395410069237	2014.03.21_17:54:29	1	4.7	0	-1.6	3	0.27	-0.13	0	0	0.055	0.21	0.55	10.9	0.0031	0.02	0.15	0.0055	0.029	0.047	-0.007	0.007	0.016	5.35	0.16	0.16	0.3	0.21	0.21	0.2	0.052	0.052	0.02	0.06	0.06	0.15	0.03	0.03	0.05	0.28	0.28	0.21	0	0	6.28	0.55	28	75	39	76	0.067	0	0	0	0	0	
1395410069287	2014.03.21_17:54:29	1	4.7	0	-1.6	3	0.27	-0.13	0	0	0.055	0.21	0.55	10.9	0.0031	0.02	0.15	0.0055	0.029	0.047	-0.007	0.007	0.016	5.35	0.16	0.16	0.3	0.21	0.21	0.2	0.052	0.052	0.02	0.06	0.06	0.15	0.03	0.03	0.05	0.28	0.28	0.21	0	0	6.28	0.55	28	75	39	76	0.067	0	0	0	0	0	
1395410069337	2014.03.21_17:54:29	1	3.9	-1.6	-1.6	3	0.31	-0.13	0	-0.0078	0.051	0.21	0.55	10.5	0.0016	0.02	0.15	0.0063	0.029	0.047	-0.015	0.0016	0.016	5.34	0.16	0.16	0.3	0.21	0.21	0.2	0.052	0.052	0.02	0.06	0.06	0.15	0.03	0.03	0.05	0.28	0.28	0.21	0	0	6.28	0.55	28	76	38	75	0.061	0	0	0	0	0	
1395410069387	2014.03.21_17:54:29	1	3.9	-1.6	-1.6	3	0.31	-0.13	0	-0.0078	0.051	0.21	0.55	10.5	0.0016	0.02	0.15	0.0063	0.029	0.047	-0.015	0.0016	0.016	5.34	0.16	0.16	0.3	0.21	0.21	0.2	0.052	0.052	0.02	0.06	0.06	0.15	0.03	0.03	0.05	0.28	0.28	0.21	0	0	6.28	0.55	28	76	38	75	0.061	0	0	0	0	0	
1395410069437	2014.03.21_17:54:29	1	3.1	-0.78	-1.6	3	0.36	-0.13	0	-0.02	0.047	0.21	0.55	10.7	-0.0016	0.02	0.15	0.0055	0.029	0.047	-0.023	-0.0016	0.016	5.21	0.16	0.16	0.3	0.21	0.21	0.2	0.052	0.052	0.02	0.06	0.06	0.15	0.03	0.03	0.05	0.28	0.28	0.21	0	0	6.28	0.55	28	78	38	74	0.065	0	0	0	0	0	
1395410069487	2014.03.21_17:54:29	1	3.1	-0.78	-1.6	3	0.36	-0.13	0	-0.02	0.047	0.21	0.55	10.7	-0.0016	0.02	0.15	0.0055	0.029	0.047	-0.023	-0.0016	0.016	5.21	0.16	0.16	0.3	0.21	0.21	0.2	0.052	0.052	0.02	0.06	0.06	0.15	0.03	0.03	0.05	0.28	0.28	0.21	0	0	6.28	0.55	28	78	38	74	0.065	0	0	0	0	0	
1395410069537	2014.03.21_17:54:29	1	3.9	0	-1.6	3	0.39	-0.13	0	-0.012	0.051	0.21	0.55	10.6	-0.0031	0.02	0.15	0.0055	0.029	0.047	-0.013	0.0023	0.016	5.28	0.16	0.16	0.3	0.21	0.21	0.2	0.052	0.052	0.02	0.06	0.06	0.15	0.03	0.03	0.05	0.28	0.28	0.21	0	0	6.28	0.55	28	77	39	75	0.066	0	0	0	0	0	
1395410069587	2014.03.21_17:54:29	1	3.9	0	-1.6	3	0.39	-0.13	0	-0.012	0.051	0.21	0.55	10.6	-0.0031	0.02	0.15	0.0055	0.029	0.047	-0.013	0.0023	0.016	5.28	0.16	0.16	0.3	0.21	0.21	0.2	0.052	0.052	0.02	0.06	0.06	0.15	0.03	0.03	0.05	0.28	0.28	0.21	0	0	6.28	0.55	28	77	39	75	0.066	0	0	0	0	0	
1395410069637	2014.03.21_17:54:29	1	4.7	-1.6	-0.78	3	0.43	-0.13	0	-0.016	0.047	0.2	0.55	10.4	-0.0047	0.02	0.15	0.0047	0.029	0.047	-0.013	-0.00078	0.0078	5.27	0.16	0.16	0.3	0.21	0.21	0.2	0.052	0.052	0.02	0.06	0.06	0.15	0.03	0.03	0.05	0.28	0.28	0.21	0	0	6.28	0.55	29	76	39	74	0.063	0	0	0	0	0	
1395410069687	2014.03.21_17:54:29	1	4.7	-1.6	-0.78	3	0.43	-0.13	0	-0.016	0.047	0.2	0.55	10.4	-0.0047	0.02	0.15	0.0047	0.029	0.047	-0.013	-0.00078	0.0078	5.27	0.16	0.16	0.3	0.21	0.21	0.2	0.052	0.052	0.02	0.06	0.06	0.15	0.03	0.03	0.05	0.28	0.28	0.21	0	0	6.28	0.55	29	76	39	74	0.063	0	0	0	0	0	
1395410069737	2014.03.21_17:54:29	1	3.1	-1.6	-1.6	3	0.47	-0.13	0	-0.023	0.047	0.21	0.55	10.6	-0.007	0.02	0.15	0.0031	0.029	0.047	-0.018	-0.0016	0.016	5.19	0.16	0.16	0.3	0.21	0.21	0.2	0.052	0.052	0.02	0.06	0.06	0.15	0.03	0.03	0.05	0.28	0.28	0.21	0	0	6.28	0.55	28	78	38	74	0.069	0	0	0	0	0	
1395410069787	2014.03.21_17:54:29	1	3.1	-1.6	-1.6	3	0.47	-0.13	0	-0.023	0.047	0.21	0.55	10.6	-0.007	0.02	0.15	0.0031	0.029	0.047	-0.018	-0.0016	0.016	5.19	0.16	0.16	0.3	0.21	0.21	0.2	0.052	0.052	0.02	0.06	0.06	0.15	0.03	0.03	0.05	0.28	0.28	0.21	0	0	6.28	0.55	28	78	38	74	0.069	0	0	0	0	0	
1395410069837	2014.03.21_17:54:29	1	1.6	-1.6	-0.78	3	0.51	-0.12	0	-0.02	0.043	0.2	0.55	10.9	-0.0078	0.02	0.15	0.0023	0.029	0.047	-0.015	-0.0063	0.0078	5.24	0.16	0.16	0.3	0.21	0.21	0.2	0.052	0.052	0.02	0.06	0.06	0.15	0.03	0.03	0.05	0.28	0.28	0.21	0	0	6.28	0.55	30	77	38	73	0.065	0	0	0	0	0	
1395410069887	2014.03.21_17:54:29	1	1.6	-1.6	-0.78	3	0.51	-0.12	0	-0.02	0.043	0.2	0.55	10.9	-0.0078	0.02	0.15	0.0023	0.029	0.047	-0.015	-0.0063	0.0078	5.24	0.16	0.16	0.3	0.21	0.21	0.2	0.052	0.052	0.02	0.06	0.06	0.15	0.03	0.03	0.05	0.28	0.28	0.21	0	0	6.28	0.55	30	77	38	73	0.065	0	0	0	0	0	
1395410069937	2014.03.21_17:54:29	1	0.78	-0.78	-0.78	3	0.53	-0.12	0	-0.012	0.047	0.2	0.55	10.5	-0.007	0.019	0.15	0.00078	0.029	0.047	-0.0063	0.00078	0.0078	5.25	0.16	0.16	0.3	0.21	0.21	0.2	0.052	0.052	0.02	0.06	0.06	0.15	0.03	0.03	0.05	0.28	0.28	0.21	0	0	6.28	0.55	29	76	39	74	0.071	0	0	0	0	0	
1395410069987	2014.03.21_17:54:29	1	0.78	-0.78	-0.78	3	0.53	-0.12	0	-0.012	0.047	0.2	0.55	10.5	-0.007	0.019	0.15	0.00078	0.029	0.047	-0.0063	0.00078	0.0078	5.25	0.16	0.16	0.3	0.21	0.21	0.2	0.052	0.052	0.02	0.06	0.06	0.15	0.03	0.03	0.05	0.28	0.28	0.21	0	0	6.28	0.55	29	76	39	74	0.071	0	0	0	0	0	
1395410070037	2014.03.21_17:54:30	1	3.1	-1.6	-0.78	3	0.55	-0.12	0	-0.016	0.051	0.2	0.55	10.7	-0.0047	0.019	0.15	0	0.029	0.047	-0.0094	0.0023	0	5.18	0.16	0.16	0.3	0.21	0.21	0.2	0.052	0.052	0.02	0.06	0.06	0.15	0.03	0.03	0.05	0.28	0.28	0.21	0	0	6.28	0.55	29	76	40	73	0.068	0	0	0	0	0	
1395410070087	2014.03.21_17:54:30	1	3.1	-1.6	-0.78	3	0.55	-0.12	0	-0.016	0.051	0.2	0.55	10.7	-0.0047	0.019	0.15	0	0.029	0.047	-0.0094	0.0023	0	5.18	0.16	0.16	0.3	0.21	0.21	0.2	0.052	0.052	0.02	0.06	0.06	0.15	0.03	0.03	0.05	0.28	0.28	0.21	0	0	6.28	0.55	29	76	40	73	0.068	0	0	0	0	0	
1395410070137	2014.03.21_17:54:30	1	3.9	-1.6	-0.78	3	0.58	-0.12	0	-0.023	0.039	0.2	0.55	10.5	-0.007	0.019	0.15	-0.00078	0.029	0.047	-0.016	-0.0063	0.0078	5.19	0.16	0.16	0.3	0.21	0.21	0.2	0.052	0.052	0.02	0.06	0.06	0.15	0.03	0.03	0.05	0.28	0.28	0.21	0	0	6.28	0.55	30	77	38	73	0.069	0	0	0	0	0	
1395410070187	2014.03.21_17:54:30	1	3.9	-1.6	-0.78	3	0.58	-0.12	0	-0.023	0.039	0.2	0.55	10.5	-0.007	0.019	0.15	-0.00078	0.029	0.047	-0.016	-0.0063	0.0078	5.19	0.16	0.16	0.3	0.21	0.21	0.2	0.052	0.052	0.02	0.06	0.06	0.15	0.03	0.03	0.05	0.28	0.28	0.21	0	0	6.28	0.55	30	77	38	73	0.069	0	0	0	0	0	
1395410070237	2014.03.21_17:54:30	1	3.9	0	-1.6	3	0.62	-0.12	0	-0.027	0.047	0.21	0.55	10.5	-0.0086	0.019	0.15	-0.0016	0.029	0.047	-0.018	-0.00078	0.016	5.2	0.16	0.16	0.3	0.21	0.21	0.2	0.052	0.052	0.02	0.06	0.06	0.15	0.03	0.03	0.05	0.28	0.28	0.21	0	0	6.28	0.55	28	78	38	73	0.07	0	0	0	0	0	
1395410070287	2014.03.21_17:54:30	1	3.9	0	-1.6	3	0.62	-0.12	0	-0.027	0.047	0.21	0.55	10.5	-0.0086	0.019	0.15	-0.0016	0.029	0.047	-0.018	-0.00078	0.016	5.2	0.16	0.16	0.3	0.21	0.21	0.2	0.052	0.052	0.02	0.06	0.06	0.15	0.03	0.03	0.05	0.28	0.28	0.21	0	0	6.28	0.55	28	78	38	73	0.07	0	0	0	0	0	
1395410070337	2014.03.21_17:54:30	1	1.6	-0.78	-1.6	3	0.66	-0.12	0	-0.027	0.047	0.21	0.55	10.9	-0.0094	0.018	0.15	-0.0031	0.029	0.047	-0.013	-0.0016	0.016	5.13	0.16	0.16	0.3	0.21	0.21	0.2	0.052	0.052	0.02	0.06	0.06	0.15	0.03	0.03	0.05	0.28	0.28	0.21	0	0	6.28	0.55	29	78	38	73	0.067	0	0	0	0	0	
1395410070387	2014.03.21_17:54:30	1	1.6	-0.78	-1.6	3	0.66	-0.12	0	-0.027	0.047	0.21	0.55	10.9	-0.0094	0.018	0.15	-0.0031	0.029	0.047	-0.013	-0.0016	0.016	5.13	0.16	0.16	0.3	0.21	0.21	0.2	0.052	0.052	0.02	0.06	0.06	0.15	0.03	0.03	0.05	0.28	0.28	0.21	0	0	6.28	0.55	29	78	38	73	0.067	0	0	0	0	0	
1395410070437	2014.03.21_17:54:30	1	0	0	-1.6	3	0.67	-0.12	0	-0.012	0.051	0.21	0.55	10.6	-0.007	0.018	0.15	-0.0047	0.029	0.047	0.00078	0.0039	0.016	5.2	0.16	0.16	0.3	0.21	0.21	0.2	0.052	0.052	0.02	0.06	0.06	0.15	0.03	0.03	0.05	0.28	0.28	0.21	0	0	6.28	0.55	28	77	38	75	0.067	0	0	0	0	0	
1395410070487	2014.03.21_17:54:30	1	0	0	-1.6	3	0.67	-0.12	0	-0.012	0.051	0.21	0.55	10.6	-0.007	0.018	0.15	-0.0047	0.029	0.047	0.00078	0.0039	0.016	5.2	0.16	0.16	0.3	0.21	0.21	0.2	0.052	0.052	0.02	0.06	0.06	0.15	0.03	0.03	0.05	0.28	0.28	0.21	0	0	6.28	0.55	28	77	38	75	0.067	0	0	0	0	0	
1395410070537	2014.03.21_17:54:30	1	0.78	-1.6	-0.78	3	0.67	-0.11	0	-0.0078	0.043	0.2	0.55	10.8	-0.0031	0.018	0.15	-0.0055	0.029	0.047	0.00078	-0.0016	0	5.19	0.16	0.16	0.3	0.21	0.21	0.2	0.052	0.052	0.02	0.06	0.06	0.15	0.03	0.03	0.05	0.28	0.28	0.21	0	0	6.28	0.55	30	75	39	74	0.063	0	0	0	0	0	
1395410070587	2014.03.21_17:54:30	1	0.78	-1.6	-0.78	3	0.67	-0.11	0	-0.0078	0.043	0.2	0.55	10.8	-0.0031	0.018	0.15	-0.0055	0.029	0.047	0.00078	-0.0016	0	5.19	0.16	0.16	0.3	0.21	0.21	0.2	0.052	0.052	0.02	0.06	0.06	0.15	0.03	0.03	0.05	0.28	0.28	0.21	0	0	6.28	0.55	30	75	39	74	0.063	0	0	0	0	0	
1395410070637	2014.03.21_17:54:30	1	2.3	-0.78	-0.78	3	0.7	-0.11	0	-0.023	0.047	0.2	0.55	10.5	-0.0023	0.018	0.15	-0.0055	0.029	0.047	-0.016	0.0016	0.0078	5.2	0.16	0.16	0.3	0.21	0.21	0.2	0.052	0.052	0.02	0.06	0.06	0.15	0.03	0.03	0.05	0.28	0.28	0.21	0	0	6.28	0.55	29	77	39	73	0.068	0	0	0	0	0	
1395410070687	2014.03.21_17:54:30	1	2.3	-0.78	-0.78	3	0.7	-0.11	0	-0.023	0.047	0.2	0.55	10.5	-0.0023	0.018	0.15	-0.0055	0.029	0.047	-0.016	0.0016	0.0078	5.2	0.16	0.16	0.3	0.21	0.21	0.2	0.052	0.052	0.02	0.06	0.06	0.15	0.03	0.03	0.05	0.28	0.28	0.21	0	0	6.28	0.55	29	77	39	73	0.068	0	0	0	0	0	
1395410070737	2014.03.21_17:54:30	1	2.3	0	-1.6	3	0.73	-0.11	0	-0.031	0.043	0.21	0.55	10.7	-0.0031	0.018	0.15	-0.0063	0.029	0.047	-0.019	-0.00078	0.016	5.13	0.16	0.16	0.3	0.21	0.21	0.2	0.052	0.052	0.02	0.06	0.06	0.15	0.03	0.03	0.05	0.28	0.28	0.21	0	0	6.28	0.55	29	78	38	73	0.069	0	0	0	0	0	
1395410070787	2014.03.21_17:54:30	1	2.3	0	-1.6	3	0.73	-0.11	0	-0.031	0.043	0.21	0.55	10.7	-0.0031	0.018	0.15	-0.0063	0.029	0.047	-0.019	-0.00078	0.016	5.13	0.16	0.16	0.3	0.21	0.21	0.2	0.052	0.052	0.02	0.06	0.06	0.15	0.03	0.03	0.05	0.28	0.28	0.21	0	0	6.28	0.55	29	78	38	73	0.069	0	0	0	0	0	
1395410070837	2014.03.21_17:54:30	1	2.3	-1.6	-0.78	3	0.76	-0.11	0	-0.023	0.039	0.2	0.55	10.5	-0.0031	0.017	0.15	-0.007	0.029	0.047	-0.013	-0.0047	0.0078	5.12	0.16	0.16	0.3	0.21	0.21	0.2	0.052	0.052	0.02	0.06	0.06	0.15	0.03	0.03	0.05	0.28	0.28	0.21	0	0	6.28	0.55	30	77	38	73	0.063	0	0	0	0	0	
1395410070888	2014.03.21_17:54:30	1	2.3	-1.6	-0.78	3	0.76	-0.11	0	-0.023	0.039	0.2	0.55	10.5	-0.0031	0.017	0.15	-0.007	0.029	0.047	-0.013	-0.0047	0.0078	5.12	0.16	0.16	0.3	0.21	0.21	0.2	0.052	0.052	0.02	0.06	0.06	0.15	0.03	0.03	0.05	0.28	0.28	0.21	0	0	6.28	0.55	30	77	38	73	0.063	0	0	0	0	0	
1395410070937	2014.03.21_17:54:30	1	1.6	-1.6	-0.78	3	0.77	-0.11	0	-0.016	0.039	0.2	0.55	10.7	-0.0016	0.017	0.15	-0.007	0.029	0.047	-0.0055	-0.0039	0	5.07	0.16	0.16	0.3	0.21	0.21	0.2	0.052	0.052	0.02	0.06	0.06	0.15	0.03	0.03	0.05	0.28	0.28	0.21	0	0	6.28	0.55	30	76	39	73	0.065	0	0	0	0	0	
1395410070987	2014.03.21_17:54:30	1	1.6	-1.6	-0.78	3	0.77	-0.11	0	-0.016	0.039	0.2	0.55	10.7	-0.0016	0.017	0.15	-0.007	0.029	0.047	-0.0055	-0.0039	0	5.07	0.16	0.16	0.3	0.21	0.21	0.2	0.052	0.052	0.02	0.06	0.06	0.15	0.03	0.03	0.05	0.28	0.28	0.21	0	0	6.28	0.55	30	76	39	73	0.065	0	0	0	0	0	
1395410071037	2014.03.21_17:54:31	1	1.6	-1.6	-0.78	3	0.79	-0.11	0	-0.02	0.039	0.2	0.55	10.6	-0.0016	0.016	0.15	-0.0078	0.029	0.047	-0.0086	-0.0039	0.0078	5.09	0.16	0.16	0.3	0.21	0.21	0.2	0.052	0.052	0.02	0.06	0.06	0.15	0.03	0.03	0.05	0.28	0.28	0.21	0	0	6.28	0.55	30	77	38	73	0.065	0	0	0	0	0	
1395410071087	2014.03.21_17:54:31	1	1.6	-1.6	-0.78	3	0.79	-0.11	0	-0.02	0.039	0.2	0.55	10.6	-0.0016	0.016	0.15	-0.0078	0.029	0.047	-0.0086	-0.0039	0.0078	5.09	0.16	0.16	0.3	0.21	0.21	0.2	0.052	0.052	0.02	0.06	0.06	0.15	0.03	0.03	0.05	0.28	0.28	0.21	0	0	6.28	0.55	30	77	38	73	0.065	0	0	0	0	0	
1395410071137	2014.03.21_17:54:31	1	1.6	-0.78	-1.6	3	0.81	-0.11	0	-0.02	0.047	0.21	0.55	10.8	-0.0047	0.016	0.15	-0.0078	0.029	0.047	-0.0063	0.00078	0.016	5.09	0.16	0.16	0.3	0.21	0.21	0.2	0.052	0.052	0.02	0.06	0.06	0.15	0.03	0.03	0.05	0.28	0.28	0.21	0	0	6.28	0.55	29	77	38	74	0.062	0	0	0	0	0	
1395410071187	2014.03.21_17:54:31	1	1.6	-0.78	-1.6	3	0.81	-0.11	0	-0.02	0.047	0.21	0.55	10.8	-0.0047	0.016	0.15	-0.0078	0.029	0.047	-0.0063	0.00078	0.016	5.09	0.16	0.16	0.3	0.21	0.21	0.2	0.052	0.052	0.02	0.06	0.06	0.15	0.03	0.03	0.05	0.28	0.28	0.21	0	0	6.28	0.55	29	77	38	74	0.062	0	0	0	0	0	
1395410071237	2014.03.21_17:54:31	1	1.6	-1.6	-0.78	3	0.83	-0.1	0	-0.023	0.047	0.2	0.55	10.6	-0.0078	0.016	0.15	-0.0086	0.029	0.047	-0.007	0.0016	0.0078	5.06	0.16	0.16	0.3	0.21	0.21	0.2	0.052	0.052	0.02	0.06	0.06	0.15	0.03	0.03	0.05	0.28	0.28	0.21	0	0	6.28	0.55	29	77	39	73	0.064	0	0	0	0	0	
1395410071287	2014.03.21_17:54:31	1	1.6	-1.6	-0.78	3	0.83	-0.1	0	-0.023	0.047	0.2	0.55	10.6	-0.0078	0.016	0.15	-0.0086	0.029	0.047	-0.007	0.0016	0.0078	5.06	0.16	0.16	0.3	0.21	0.21	0.2	0.052	0.052	0.02	0.06	0.06	0.15	0.03	0.03	0.05	0.28	0.28	0.21	0	0	6.28	0.55	29	77	39	73	0.064	0	0	0	0	0	
1395410071337	2014.03.21_17:54:31	1	0.78	-1.6	-0.78	3	0.85	-0.1	0	-0.027	0.039	0.2	0.55	10.9	-0.01	0.016	0.15	-0.01	0.029	0.047	-0.007	-0.0039	0	5.09	0.16	0.16	0.3	0.21	0.21	0.2	0.052	0.052	0.02	0.06	0.06	0.15	0.03	0.03	0.05	0.28	0.28	0.21	0	0	6.28	0.55	30	77	39	72	0.064	0	0	0	0	0	
1395410071387	2014.03.21_17:54:31	1	0.78	-1.6	-0.78	3	0.85	-0.1	0	-0.027	0.039	0.2	0.55	10.9	-0.01	0.016	0.15	-0.01	0.029	0.047	-0.007	-0.0039	0	5.09	0.16	0.16	0.3	0.21	0.21	0.2	0.052	0.052	0.02	0.06	0.06	0.15	0.03	0.03	0.05	0.28	0.28	0.21	0	0	6.28	0.55	30	77	39	72	0.064	0	0	0	0	0	
1395410071437	2014.03.21_17:54:31	1	-0.78	0	-0.78	3	0.86	-0.1	0	-0.031	0.043	0.2	0.55	10.9	-0.012	0.016	0.15	-0.011	0.029	0.047	-0.007	0	0.0078	5.1	0.16	0.16	0.3	0.21	0.21	0.2	0.052	0.052	0.02	0.06	0.06	0.15	0.03	0.03	0.05	0.28	0.28	0.21	0	0	6.28	0.55	29	78	38	72	0.06	0	0	0	0	0	
1395410071487	2014.03.21_17:54:31	1	-0.78	0	-0.78	3	0.86	-0.1	0	-0.031	0.043	0.2	0.55	10.9	-0.012	0.016	0.15	-0.011	0.029	0.047	-0.007	0	0.0078	5.1	0.16	0.16	0.3	0.21	0.21	0.2	0.052	0.052	0.02	0.06	0.06	0.15	0.03	0.03	0.05	0.28	0.28	0.21	0	0	6.28	0.55	29	78	38	72	0.06	0	0	0	0	0	
1395410071537	2014.03.21_17:54:31	1	-0.78	0	-1.6	3	0.86	-0.099	0	-0.027	0.039	0.21	0.55	10.6	-0.013	0.016	0.15	-0.013	0.029	0.047	-0.00078	-0.0039	0.016	5.04	0.16	0.16	0.3	0.21	0.21	0.2	0.052	0.052	0.02	0.06	0.06	0.15	0.03	0.03	0.05	0.28	0.28	0.21	0	0	6.28	0.55	29	78	37	73	0.063	0	0	0	0	0	
1395410071587	2014.03.21_17:54:31	1	-0.78	0	-1.6	3	0.86	-0.099	0	-0.027	0.039	0.21	0.55	10.6	-0.013	0.016	0.15	-0.013	0.029	0.047	-0.00078	-0.0039	0.016	5.04	0.16	0.16	0.3	0.21	0.21	0.2	0.052	0.052	0.02	0.06	0.06	0.15	0.03	0.03	0.05	0.28	0.28	0.21	0	0	6.28	0.55	29	78	37	73	0.063	0	0	0	0	0	
1395410071637	2014.03.21_17:54:31	1	-0.78	0	-1.6	3	0.86	-0.098	0	-0.055	0.051	0.21	0.55	10.7	-0.04	0.016	0.15	-0.015	0.029	0.047	0.00078	0.0063	0.016	5.05	0.16	0.16	0.3	0.21	0.21	0.2	0.052	0.052	0.02	0.06	0.06	0.15	0.03	0.03	0.05	0.28	0.28	0.21	0	0	6.28	0.55	28	81	38	70	0.063	0	0	0	0	0	
1395410071687	2014.03.21_17:54:31	1	-0.78	0	-1.6	3	0.86	-0.098	0	-0.055	0.051	0.21	0.55	10.7	-0.04	0.016	0.15	-0.015	0.029	0.047	0.00078	0.0063	0.016	5.05	0.16	0.16	0.3	0.21	0.21	0.2	0.052	0.052	0.02	0.06	0.06	0.15	0.03	0.03	0.05	0.28	0.28	0.21	0	0	6.28	0.55	28	81	38	70	0.063	0	0	0	0	0	
1395410071737	2014.03.21_17:54:31	1	-3.9	-1.6	-0.78	3	0.85	-0.096	0	-0.07	0.043	0.2	0.55	10.5	-0.059	0.015	0.15	-0.02	0.029	0.047	0.0086	0	0.0078	5.08	0.16	0.16	0.3	0.21	0.21	0.2	0.052	0.052	0.02	0.06	0.06	0.15	0.03	0.03	0.05	0.28	0.28	0.21	0	0	6.28	0.55	29	82	38	68	0.062	0	0	0	0	0	
1395410071787	2014.03.21_17:54:31	1	-3.9	-1.6	-0.78	3	0.85	-0.096	0	-0.07	0.043	0.2	0.55	10.5	-0.059	0.015	0.15	-0.02	0.029	0.047	0.0086	0	0.0078	5.08	0.16	0.16	0.3	0.21	0.21	0.2	0.052	0.052	0.02	0.06	0.06	0.15	0.03	0.03	0.05	0.28	0.28	0.21	0	0	6.28	0.55	29	82	38	68	0.062	0	0	0	0	0	
1395410071837	2014.03.21_17:54:31	1	-12	-1.6	-0.78	3	0.78	-0.093	0	-0.035	0.043	0.2	0.55	10.6	-0.059	0.015	0.15	-0.029	0.029	0.047	0.054	0.0016	0.0078	5.01	0.16	0.16	0.3	0.21	0.21	0.2	0.052	0.052	0.02	0.06	0.06	0.15	0.03	0.03	0.05	0.28	0.28	0.21	0	0	6.28	0.55	29	78	38	72	0.064	0	0	0	0	0	
1395410071887	2014.03.21_17:54:31	1	-12	-1.6	-0.78	3	0.78	-0.093	0	-0.035	0.043	0.2	0.55	10.6	-0.059	0.015	0.15	-0.029	0.029	0.047	0.054	0.0016	0.0078	5.01	0.16	0.16	0.3	0.21	0.21	0.2	0.052	0.052	0.02	0.06	0.06	0.15	0.03	0.03	0.05	0.28	0.28	0.21	0	0	6.28	0.55	29	78	38	72	0.064	0	0	0	0	0	
1395410071937	2014.03.21_17:54:31	1	-16	-1.6	-0.78	3	0.65	-0.092	0	-0.023	0.039	0.2	0.55	10.6	-0.059	0.014	0.15	-0.03	0.029	0.047	0.065	-0.0016	0	5.12	0.16	0.16	0.3	0.21	0.21	0.2	0.052	0.052	0.02	0.06	0.06	0.15	0.03	0.03	0.05	0.28	0.28	0.21	0	0	6.28	0.55	30	77	39	72	0.068	0	0	0	0	0	
1395410071988	2014.03.21_17:54:31	1	-16	-1.6	-0.78	3	0.65	-0.092	0	-0.023	0.039	0.2	0.55	10.6	-0.059	0.014	0.15	-0.03	0.029	0.047	0.065	-0.0016	0	5.12	0.16	0.16	0.3	0.21	0.21	0.2	0.052	0.052	0.02	0.06	0.06	0.15	0.03	0.03	0.05	0.28	0.28	0.21	0	0	6.28	0.55	30	77	39	72	0.068	0	0	0	0	0	
1395410072037	2014.03.21_17:54:32	1	-16	0	-0.78	3	0.54	-0.093	0	-0.031	0.047	0.2	0.55	11	-0.059	0.015	0.15	-0.03	0.029	0.047	0.058	0.0023	0	5.11	0.16	0.16	0.3	0.21	0.21	0.2	0.052	0.052	0.02	0.06	0.06	0.15	0.03	0.03	0.05	0.28	0.28	0.21	0	0	6.28	0.55	30	78	39	72	0.062	0	0	0	0	0	
1395410072087	2014.03.21_17:54:32	1	-16	0	-0.78	3	0.54	-0.093	0	-0.031	0.047	0.2	0.55	11	-0.059	0.015	0.15	-0.03	0.029	0.047	0.058	0.0023	0	5.11	0.16	0.16	0.3	0.21	0.21	0.2	0.052	0.052	0.02	0.06	0.06	0.15	0.03	0.03	0.05	0.28	0.28	0.21	0	0	6.28	0.55	30	78	39	72	0.062	0	0	0	0	0	
1395410072137	2014.03.21_17:54:32	1	-15	0.78	-1.6	3	0.41	-0.095	0	-0.039	0.047	0.21	0.55	10.5	-0.059	0.015	0.15	-0.03	0.029	0.047	0.052	0.0055	0.016	5.11	0.16	0.16	0.3	0.21	0.21	0.2	0.052	0.052	0.02	0.06	0.06	0.15	0.03	0.03	0.05	0.28	0.28	0.21	0	0	6.28	0.55	28	80	38	73	0.066	0	0	0	0	0	
1395410072187	2014.03.21_17:54:32	1	-15	0.78	-1.6	3	0.41	-0.095	0	-0.039	0.047	0.21	0.55	10.5	-0.059	0.015	0.15	-0.03	0.029	0.047	0.052	0.0055	0.016	5.11	0.16	0.16	0.3	0.21	0.21	0.2	0.052	0.052	0.02	0.06	0.06	0.15	0.03	0.03	0.05	0.28	0.28	0.21	0	0	6.28	0.55	28	80	38	73	0.066	0	0	0	0	0	
1395410072237	2014.03.21_17:54:32	1	-14	-0.78	0	3	0.29	-0.095	0	-0.047	0.047	0.2	0.55	10.9	-0.059	0.015	0.15	-0.03	0.029	0.047	0.041	0.0023	0	5.17	0.16	0.16	0.3	0.21	0.21	0.2	0.052	0.052	0.02	0.06	0.06	0.15	0.03	0.03	0.05	0.28	0.28	0.21	0	0	6.28	0.55	30	79	40	69	0.068	0	0	0	0	0	
1395410072287	2014.03.21_17:54:32	1	-14	-0.78	0	3	0.29	-0.095	0	-0.047	0.047	0.2	0.55	10.9	-0.059	0.015	0.15	-0.03	0.029	0.047	0.041	0.0023	0	5.17	0.16	0.16	0.3	0.21	0.21	0.2	0.052	0.052	0.02	0.06	0.06	0.15	0.03	0.03	0.05	0.28	0.28	0.21	0	0	6.28	0.55	30	79	40	69	0.068	0	0	0	0	0	
1395410072337	2014.03.21_17:54:32	1	-14	-0.78	-0.78	3	0.18	-0.096	0	-0.039	0.043	0.2	0.55	10.9	-0.059	0.015	0.15	-0.03	0.029	0.047	0.049	-0.00078	0.0078	5.18	0.16	0.16	0.3	0.21	0.21	0.2	0.052	0.052	0.02	0.06	0.06	0.15	0.03	0.03	0.05	0.28	0.28	0.21	0	0	6.28	0.55	29	79	38	71	0.064	0	0	0	0	0	
1395410072387	2014.03.21_17:54:32	1	-14	-0.78	-0.78	3	0.18	-0.096	0	-0.039	0.043	0.2	0.55	10.9	-0.059	0.015	0.15	-0.03	0.029	0.047	0.049	-0.00078	0.0078	5.18	0.16	0.16	0.3	0.21	0.21	0.2	0.052	0.052	0.02	0.06	0.06	0.15	0.03	0.03	0.05	0.28	0.28	0.21	0	0	6.28	0.55	29	79	38	71	0.064	0	0	0	0	0	
1395410072437	2014.03.21_17:54:32	1	-16	0	0	3	0.047	-0.098	0	-0.031	0.047	0.19	0.55	11	-0.059	0.015	0.15	-0.03	0.029	0.047	0.059	0.0031	-0.0078	5.12	0.16	0.16	0.3	0.21	0.21	0.2	0.052	0.052	0.02	0.06	0.06	0.15	0.03	0.03	0.05	0.28	0.28	0.21	0	0	6.28	0.55	31	76	40	71	0.07	0	0	0	0	0	
1395410072488	2014.03.21_17:54:32	1	-16	0	0	3	0.047	-0.098	0	-0.031	0.047	0.19	0.55	11	-0.059	0.015	0.15	-0.03	0.029	0.047	0.059	0.0031	-0.0078	5.12	0.16	0.16	0.3	0.21	0.21	0.2	0.052	0.052	0.02	0.06	0.06	0.15	0.03	0.03	0.05	0.28	0.28	0.21	0	0	6.28	0.55	31	76	40	71	0.07	0	0	0	0	0	
1395410072537	2014.03.21_17:54:32	1	-16	0	-0.78	3	-0.097	-0.1	0	-0.031	0.051	0.2	0.55	10.7	-0.059	0.016	0.15	-0.03	0.029	0.047	0.056	0.0055	0	5.25	0.16	0.16	0.3	0.21	0.21	0.2	0.052	0.052	0.02	0.06	0.06	0.15	0.03	0.03	0.05	0.28	0.28	0.21	0	0	6.28	0.55	29	78	40	71	0.065	0	0	0	0	0	
1395410072587	2014.03.21_17:54:32	1	-16	0	-0.78	3	-0.097	-0.1	0	-0.031	0.051	0.2	0.55	10.7	-0.059	0.016	0.15	-0.03	0.029	0.047	0.056	0.0055	0	5.25	0.16	0.16	0.3	0.21	0.21	0.2	0.052	0.052	0.02	0.06	0.06	0.15	0.03	0.03	0.05	0.28	0.28	0.21	0	0	6.28	0.55	29	78	40	71	0.065	0	0	0	0	0	
1395410072637	2014.03.21_17:54:32	1	-17	0	0	3	-0.23	-0.1	0	-0.012	0.043	0.2	0.55	10.6	-0.059	0.016	0.15	-0.03	0.029	0.047	0.078	0.00078	0	5.27	0.16	0.16	0.3	0.21	0.21	0.2	0.052	0.052	0.02	0.06	0.06	0.15	0.03	0.03	0.05	0.28	0.28	0.21	0	0	6.28	0.55	30	75	40	73	0.065	0	0	0	0	0	
1395410072687	2014.03.21_17:54:32	1	-17	0	0	3	-0.23	-0.1	0	-0.012	0.043	0.2	0.55	10.6	-0.059	0.016	0.15	-0.03	0.029	0.047	0.078	0.00078	0	5.27	0.16	0.16	0.3	0.21	0.21	0.2	0.052	0.052	0.02	0.06	0.06	0.15	0.03	0.03	0.05	0.28	0.28	0.21	0	0	6.28	0.55	30	75	40	73	0.065	0	0	0	0	0	
1395410072737	2014.03.21_17:54:32	1	-16	-0.78	-0.78	3	-0.37	-0.11	0	-0.055	0.047	0.2	0.55	10.8	-0.059	0.016	0.15	-0.03	0.029	0.047	0.037	0.0031	0.0078	5.19	0.16	0.16	0.3	0.21	0.21	0.2	0.052	0.052	0.02	0.06	0.06	0.15	0.03	0.03	0.05	0.28	0.28	0.21	0	0	6.28	0.55	29	80	39	70	0.086	0	0	0	0	0	
1395410072787	2014.03.21_17:54:32	1	-16	-0.78	-0.78	3	-0.37	-0.11	0	-0.055	0.047	0.2	0.55	10.8	-0.059	0.016	0.15	-0.03	0.029	0.047	0.037	0.0031	0.0078	5.19	0.16	0.16	0.3	0.21	0.21	0.2	0.052	0.052	0.02	0.06	0.06	0.15	0.03	0.03	0.05	0.28	0.28	0.21	0	0	6.28	0.55	29	80	39	70	0.086	0	0	0	0	0	
1395410072837	2014.03.21_17:54:32	1	-16	-1.6	-0.78	3	-0.53	-0.11	0	0	0.043	0.2	0.55	10.5	-0.041	0.016	0.15	-0.03	0.029	0.047	0.073	-0.00078	0	5.32	0.16	0.16	0.3	0.21	0.21	0.2	0.052	0.052	0.02	0.06	0.06	0.15	0.03	0.03	0.05	0.28	0.28	0.21	0	0	6.28	0.55	30	74	39	75	0.068	0	0	0	0	0	
1395410072887	2014.03.21_17:54:32	1	-16	-1.6	-0.78	3	-0.53	-0.11	0	0	0.043	0.2	0.55	10.5	-0.041	0.016	0.15	-0.03	0.029	0.047	0.073	-0.00078	0	5.32	0.16	0.16	0.3	0.21	0.21	0.2	0.052	0.052	0.02	0.06	0.06	0.15	0.03	0.03	0.05	0.28	0.28	0.21	0	0	6.28	0.55	30	74	39	75	0.068	0	0	0	0	0	
1395410072937	2014.03.21_17:54:32	1	-16	0.78	-0.78	3	-0.65	-0.11	0	-0.016	0.051	0.2	0.55	10.6	-0.022	0.017	0.15	-0.03	0.029	0.047	0.038	0.0031	0.0078	5.26	0.16	0.16	0.3	0.21	0.21	0.2	0.052	0.052	0.02	0.06	0.06	0.15	0.03	0.03	0.05	0.28	0.28	0.21	0	0	6.28	0.55	29	76	39	74	0.065	0	0	0	0	0	
1395410072987	2014.03.21_17:54:32	1	-16	0.78	-0.78	3	-0.65	-0.11	0	-0.016	0.051	0.2	0.55	10.6	-0.022	0.017	0.15	-0.03	0.029	0.047	0.038	0.0031	0.0078	5.26	0.16	0.16	0.3	0.21	0.21	0.2	0.052	0.052	0.02	0.06	0.06	0.15	0.03	0.03	0.05	0.28	0.28	0.21	0	0	6.28	0.55	29	76	39	74	0.065	0	0	0	0	0	
1395410073037	2014.03.21_17:54:33	1	-9.4	-2.3	-0.78	3	-0.77	-0.11	0	0.016	0.047	0.2	0.55	10.8	0.012	0.017	0.15	-0.03	0.029	0.047	0.034	0.00078	0.0078	5.19	0.16	0.16	0.3	0.21	0.21	0.2	0.052	0.052	0.02	0.06	0.06	0.15	0.03	0.03	0.05	0.28	0.28	0.21	0	0	6.28	0.55	29	73	39	77	0.066	0	0	0	0	0	
