#milliseconds	datetime	qptr_op	gyro_x	gyro_y	gyro_z	react_t	angle_x	angle_y	angle_z	trq_x	trq_y	trq_z	c_power	voltage	PID_P_x	PID_P_y	PID_P_z	PID_I_x	PID_I_y	PID_I_z	PID_D_x	PID_D_y	PID_D_z	q_head	Kp_x	Kp_y	Kp_z	Ki_x	Ki_y	Ki_z	Kd_x	Kd_y	Kd_z	MaxP_x	MaxP_y	MaxP_z	MaxI_x	MaxI_y	MaxI_z	MaxD_x	MaxD_y	MaxD_z	joy_x	joy_y	joy_hdn	j_power		M1	M2	M3	M4	read_time	write_time	loop_time	offx	offy	offz
1395408820267	2014.03.21_17:33:40	1	2.3	-0.78	0	3	2.3	-0.099	0	0	0	0	0	13.6	-0.059	0.016	0.15	-0.03	0.029	0.047	-0.01	0	0	5.07	0.16	0.16	0.3	0.21	0.21	0.2	0.052	0.052	0.02	0.06	0.06	0.15	0.03	0.03	0.05	0.28	0.28	0.21	0	0	6.28	0	0	0	0	0	0.139	0	0	0	0	0	
1395408820317	2014.03.21_17:33:40	1	2.3	-0.78	0	3	2.3	-0.099	0	0	0	0	0	13.6	-0.059	0.016	0.15	-0.03	0.029	0.047	-0.01	0	0	5.07	0.16	0.16	0.3	0.21	0.21	0.2	0.052	0.052	0.02	0.06	0.06	0.15	0.03	0.03	0.05	0.28	0.28	0.21	0	0	6.28	0	0	0	0	0	0.139	0	0	0	0	0	
1395408820367	2014.03.21_17:33:40	1	3.1	0	0	3	2.4	-0.1	0	0	0	0	0	13.6	-0.059	0.016	0.15	-0.03	0.029	0.047	-0.013	0	0	5.1	0.16	0.16	0.3	0.21	0.21	0.2	0.052	0.052	0.02	0.06	0.06	0.15	0.03	0.03	0.05	0.28	0.28	0.21	0	0	6.28	0	0	0	0	0	0.073	0	0	0	0	0	
1395408820417	2014.03.21_17:33:40	1	3.1	0	0	3	2.4	-0.1	0	0	0	0	0	13.6	-0.059	0.016	0.15	-0.03	0.029	0.047	-0.013	0	0	5.1	0.16	0.16	0.3	0.21	0.21	0.2	0.052	0.052	0.02	0.06	0.06	0.15	0.03	0.03	0.05	0.28	0.28	0.21	0	0	6.28	0	0	0	0	0	0.073	0	0	0	0	0	
1395408820467	2014.03.21_17:33:40	1	3.1	0	0	3	2.4	-0.1	0	0	0	0	0	13.6	-0.059	0.016	0.15	-0.03	0.029	0.047	-0.013	-0.00078	0	5.1	0.16	0.16	0.3	0.21	0.21	0.2	0.052	0.052	0.02	0.06	0.06	0.15	0.03	0.03	0.05	0.28	0.28	0.21	0	0	6.28	0	0	0	0	0	0.071	0	0	0	0	0	
1395408820517	2014.03.21_17:33:40	1	3.1	0	0	3	2.4	-0.1	0	0	0	0	0	13.6	-0.059	0.016	0.15	-0.03	0.029	0.047	-0.013	-0.00078	0	5.1	0.16	0.16	0.3	0.21	0.21	0.2	0.052	0.052	0.02	0.06	0.06	0.15	0.03	0.03	0.05	0.28	0.28	0.21	0	0	6.28	0	0	0	0	0	0.071	0	0	0	0	0	
1395408820567	2014.03.21_17:33:40	1	3.1	0	0	3	2.4	-0.1	0	0	0	0	0	13.6	-0.059	0.016	0.15	-0.03	0.029	0.047	-0.013	0	0	5.1	0.16	0.16	0.3	0.21	0.21	0.2	0.052	0.052	0.02	0.06	0.06	0.15	0.03	0.03	0.05	0.28	0.28	0.21	0	0	6.28	0	0	0	0	0	0.068	0	0	0	0	0	
1395408820617	2014.03.21_17:33:40	1	3.1	0	0	3	2.4	-0.1	0	0	0	0	0	13.6	-0.059	0.016	0.15	-0.03	0.029	0.047	-0.013	0	0	5.1	0.16	0.16	0.3	0.21	0.21	0.2	0.052	0.052	0.02	0.06	0.06	0.15	0.03	0.03	0.05	0.28	0.28	0.21	0	0	6.28	0	0	0	0	0	0.068	0	0	0	0	0	
1395408820669	2014.03.21_17:33:40	1	2.3	-0.78	0	3	2.5	-0.1	0	0	0	0	0	13.6	-0.059	0.016	0.15	-0.03	0.029	0.047	-0.012	0	0	5.1	0.16	0.16	0.3	0.21	0.21	0.2	0.052	0.052	0.02	0.06	0.06	0.15	0.03	0.03	0.05	0.28	0.28	0.21	0	0	6.28	0	0	0	0	0	0.073	0	0	0	0	0	
1395408820717	2014.03.21_17:33:40	1	2.3	-0.78	0	3	2.5	-0.1	0	0	0	0	0	13.6	-0.059	0.016	0.15	-0.03	0.029	0.047	-0.012	0	0	5.1	0.16	0.16	0.3	0.21	0.21	0.2	0.052	0.052	0.02	0.06	0.06	0.15	0.03	0.03	0.05	0.28	0.28	0.21	0	0	6.28	0	0	0	0	0	0.073	0	0	0	0	0	
1395408820767	2014.03.21_17:33:40	1	1.6	0	0	3	2.5	-0.1	0	0	0	0	0	13.6	-0.059	0.016	0.15	-0.03	0.029	0.047	-0.0086	-0.00078	0	5.13	0.16	0.16	0.3	0.21	0.21	0.2	0.052	0.052	0.02	0.06	0.06	0.15	0.03	0.03	0.05	0.28	0.28	0.21	0	0	6.28	0	0	0	0	0	0.058	0	0	0	0	0	
1395408820817	2014.03.21_17:33:40	1	1.6	0	0	3	2.5	-0.1	0	0	0	0	0	13.6	-0.059	0.016	0.15	-0.03	0.029	0.047	-0.0086	-0.00078	0	5.13	0.16	0.16	0.3	0.21	0.21	0.2	0.052	0.052	0.02	0.06	0.06	0.15	0.03	0.03	0.05	0.28	0.28	0.21	0	0	6.28	0	0	0	0	0	0.058	0	0	0	0	0	
1395408820867	2014.03.21_17:33:40	1	0.78	-0.78	0	3	2.5	-0.1	0	0	0	0	0	13.6	-0.059	0.016	0.15	-0.03	0.029	0.047	-0.0047	-0.00078	0	5.11	0.16	0.16	0.3	0.21	0.21	0.2	0.052	0.052	0.02	0.06	0.06	0.15	0.03	0.03	0.05	0.28	0.28	0.21	0	0	6.28	0	0	0	0	0	0.067	0	0	0	0	0	
1395408820917	2014.03.21_17:33:40	1	0.78	-0.78	0	3	2.5	-0.1	0	0	0	0	0	13.6	-0.059	0.016	0.15	-0.03	0.029	0.047	-0.0047	-0.00078	0	5.11	0.16	0.16	0.3	0.21	0.21	0.2	0.052	0.052	0.02	0.06	0.06	0.15	0.03	0.03	0.05	0.28	0.28	0.21	0	0	6.28	0	0	0	0	0	0.067	0	0	0	0	0	
1395408820967	2014.03.21_17:33:40	1	0	0	0	3	2.5	-0.1	0	0	0	0	0	13.6	-0.059	0.016	0.15	-0.03	0.029	0.047	-0.0016	-0.00078	0	5.11	0.16	0.16	0.3	0.21	0.21	0.2	0.052	0.052	0.02	0.06	0.06	0.15	0.03	0.03	0.05	0.28	0.28	0.21	0	0	6.28	0	0	0	0	0	0.077	0	0	0	0	0	
1395408821017	2014.03.21_17:33:41	1	0	0	0	3	2.5	-0.1	0	0	0	0	0	13.6	-0.059	0.016	0.15	-0.03	0.029	0.047	-0.0016	-0.00078	0	5.11	0.16	0.16	0.3	0.21	0.21	0.2	0.052	0.052	0.02	0.06	0.06	0.15	0.03	0.03	0.05	0.28	0.28	0.21	0	0	6.28	0	0	0	0	0	0.077	0	0	0	0	0	
1395408821067	2014.03.21_17:33:41	1	-0.78	0	0	3	2.5	-0.1	0	0	0	0	0	13.6	-0.059	0.016	0.15	-0.03	0.029	0.047	0.0016	0	0	5.11	0.16	0.16	0.3	0.21	0.21	0.2	0.052	0.052	0.02	0.06	0.06	0.15	0.03	0.03	0.05	0.28	0.28	0.21	0	0	6.28	0	0	0	0	0	0.076	0	0	0	0	0	
1395408821117	2014.03.21_17:33:41	1	-0.78	0	0	3	2.5	-0.1	0	0	0	0	0	13.6	-0.059	0.016	0.15	-0.03	0.029	0.047	0.0016	0	0	5.11	0.16	0.16	0.3	0.21	0.21	0.2	0.052	0.052	0.02	0.06	0.06	0.15	0.03	0.03	0.05	0.28	0.28	0.21	0	0	6.28	0	0	0	0	0	0.076	0	0	0	0	0	
1395408821170	2014.03.21_17:33:41	1	-1.6	-0.78	-0.78	3	2.5	-0.1	0	0	0	0	0	13.6	-0.059	0.016	0.15	-0.03	0.029	0.047	0.0047	-0.00078	0	5.11	0.16	0.16	0.3	0.21	0.21	0.2	0.052	0.052	0.02	0.06	0.06	0.15	0.03	0.03	0.05	0.28	0.28	0.21	0	0	6.28	0	0	0	0	0	0.066	0	0	0	0	0	
1395408821217	2014.03.21_17:33:41	1	-1.6	-0.78	-0.78	3	2.5	-0.1	0	0	0	0	0	13.6	-0.059	0.016	0.15	-0.03	0.029	0.047	0.0047	-0.00078	0	5.11	0.16	0.16	0.3	0.21	0.21	0.2	0.052	0.052	0.02	0.06	0.06	0.15	0.03	0.03	0.05	0.28	0.28	0.21	0	0	6.28	0	0	0	0	0	0.066	0	0	0	0	0	
1395408821268	2014.03.21_17:33:41	1	-2.3	-0.78	0	3	2.5	-0.1	0	0	0	0	0	13.6	-0.059	0.016	0.15	-0.03	0.029	0.047	0.0078	0	0	5.1	0.16	0.16	0.3	0.21	0.21	0.2	0.052	0.052	0.02	0.06	0.06	0.15	0.03	0.03	0.05	0.28	0.28	0.21	0	0	6.28	0	0	0	0	0	0.071	0	0	0	0	0	
1395408821318	2014.03.21_17:33:41	1	-2.3	-0.78	0	3	2.5	-0.1	0	0	0	0	0	13.6	-0.059	0.016	0.15	-0.03	0.029	0.047	0.0078	0	0	5.1	0.16	0.16	0.3	0.21	0.21	0.2	0.052	0.052	0.02	0.06	0.06	0.15	0.03	0.03	0.05	0.28	0.28	0.21	0	0	6.28	0	0	0	0	0	0.071	0	0	0	0	0	
1395408821367	2014.03.21_17:33:41	1	-3.1	0	-0.78	3	2.5	-0.099	0	0	0	0	0	13.6	-0.059	0.016	0.15	-0.03	0.029	0.047	0.01	0	0	5.13	0.16	0.16	0.3	0.21	0.21	0.2	0.052	0.052	0.02	0.06	0.06	0.15	0.03	0.03	0.05	0.28	0.28	0.21	0	0	6.28	0	0	0	0	0	0.072	0	0	0	0	0	
1395408821417	2014.03.21_17:33:41	1	-3.1	0	-0.78	3	2.5	-0.099	0	0	0	0	0	13.6	-0.059	0.016	0.15	-0.03	0.029	0.047	0.01	0	0	5.13	0.16	0.16	0.3	0.21	0.21	0.2	0.052	0.052	0.02	0.06	0.06	0.15	0.03	0.03	0.05	0.28	0.28	0.21	0	0	6.28	0	0	0	0	0	0.072	0	0	0	0	0	
1395408821467	2014.03.21_17:33:41	1	-3.9	-0.78	0	3	2.4	-0.099	0	0	0	0	0	13.6	-0.059	0.016	0.15	-0.03	0.029	0.047	0.012	0	0	5.1	0.16	0.16	0.3	0.21	0.21	0.2	0.052	0.052	0.02	0.06	0.06	0.15	0.03	0.03	0.05	0.28	0.28	0.21	0	0	6.28	0	0	0	0	0	0.065	0	0	0	0	0	
1395408821517	2014.03.21_17:33:41	1	-3.9	-0.78	0	3	2.4	-0.099	0	0	0	0	0	13.6	-0.059	0.016	0.15	-0.03	0.029	0.047	0.012	0	0	5.1	0.16	0.16	0.3	0.21	0.21	0.2	0.052	0.052	0.02	0.06	0.06	0.15	0.03	0.03	0.05	0.28	0.28	0.21	0	0	6.28	0	0	0	0	0	0.065	0	0	0	0	0	
1395408821567	2014.03.21_17:33:41	1	-3.9	-0.78	-0.78	3	2.4	-0.099	0	0	0	0	0	13.6	-0.059	0.016	0.15	-0.03	0.029	0.047	0.011	-0.00078	0	5.13	0.16	0.16	0.3	0.21	0.21	0.2	0.052	0.052	0.02	0.06	0.06	0.15	0.03	0.03	0.05	0.28	0.28	0.21	0	0	6.28	0	0	0	0	0	0.076	0	0	0	0	0	
1395408821617	2014.03.21_17:33:41	1	-3.9	-0.78	-0.78	3	2.4	-0.099	0	0	0	0	0	13.6	-0.059	0.016	0.15	-0.03	0.029	0.047	0.011	-0.00078	0	5.13	0.16	0.16	0.3	0.21	0.21	0.2	0.052	0.052	0.02	0.06	0.06	0.15	0.03	0.03	0.05	0.28	0.28	0.21	0	0	6.28	0	0	0	0	0	0.076	0	0	0	0	0	
1395408821667	2014.03.21_17:33:41	1	-3.9	-0.78	-0.78	3	2.4	-0.099	0	0	0	0	0	13.6	-0.059	0.016	0.15	-0.03	0.029	0.047	0.01	0	0	5.1	0.16	0.16	0.3	0.21	0.21	0.2	0.052	0.052	0.02	0.06	0.06	0.15	0.03	0.03	0.05	0.28	0.28	0.21	0	0	6.28	0	0	0	0	0	0.07	0	0	0	0	0	
1395408821717	2014.03.21_17:33:41	1	-3.9	-0.78	-0.78	3	2.4	-0.099	0	0	0	0	0	13.6	-0.059	0.016	0.15	-0.03	0.029	0.047	0.01	0	0	5.1	0.16	0.16	0.3	0.21	0.21	0.2	0.052	0.052	0.02	0.06	0.06	0.15	0.03	0.03	0.05	0.28	0.28	0.21	0	0	6.28	0	0	0	0	0	0.07	0	0	0	0	0	
1395408821767	2014.03.21_17:33:41	1	-3.1	-0.78	-0.78	3	2.4	-0.099	0	0	0	0	0	13.6	-0.059	0.016	0.15	-0.03	0.029	0.047	0.0094	-0.00078	0	5.09	0.16	0.16	0.3	0.21	0.21	0.2	0.052	0.052	0.02	0.06	0.06	0.15	0.03	0.03	0.05	0.28	0.28	0.21	0	0	6.28	0	0	0	0	0	0.076	0	0	0	0	0	
1395408821817	2014.03.21_17:33:41	1	-3.1	-0.78	-0.78	3	2.4	-0.099	0	0	0	0	0	13.6	-0.059	0.016	0.15	-0.03	0.029	0.047	0.0094	-0.00078	0	5.09	0.16	0.16	0.3	0.21	0.21	0.2	0.052	0.052	0.02	0.06	0.06	0.15	0.03	0.03	0.05	0.28	0.28	0.21	0	0	6.28	0	0	0	0	0	0.076	0	0	0	0	0	
1395408821867	2014.03.21_17:33:41	1	-2.3	0	-0.78	3	2.3	-0.099	0	0	0	0	0	13.6	-0.059	0.016	0.15	-0.03	0.029	0.047	0.0078	0	0	5.14	0.16	0.16	0.3	0.21	0.21	0.2	0.052	0.052	0.02	0.06	0.06	0.15	0.03	0.03	0.05	0.28	0.28	0.21	0	0	6.28	0	0	0	0	0	0.071	0	0	0	0	0	
1395408821917	2014.03.21_17:33:41	1	-2.3	0	-0.78	3	2.3	-0.099	0	0	0	0	0	13.6	-0.059	0.016	0.15	-0.03	0.029	0.047	0.0078	0	0	5.14	0.16	0.16	0.3	0.21	0.21	0.2	0.052	0.052	0.02	0.06	0.06	0.15	0.03	0.03	0.05	0.28	0.28	0.21	0	0	6.28	0	0	0	0	0	0.071	0	0	0	0	0	
1395408821967	2014.03.21_17:33:41	1	-0.78	3.9	-7.8	3	2.3	-0.092	0	0	0	0	0	13.6	-0.059	0.014	0.15	-0.03	0.029	0.047	0.013	-0.0086	0.15	5.12	0.16	0.16	0.3	0.21	0.21	0.2	0.052	0.052	0.02	0.06	0.06	0.15	0.03	0.03	0.05	0.28	0.28	0.21	0	0	6.28	0	0	0	0	0	0.086	0	0	0	0	0	
1395408822017	2014.03.21_17:33:42	1	-0.78	3.9	-7.8	3	2.3	-0.092	0	0	0	0	0	13.6	-0.059	0.014	0.15	-0.03	0.029	0.047	0.013	-0.0086	0.15	5.12	0.16	0.16	0.3	0.21	0.21	0.2	0.052	0.052	0.02	0.06	0.06	0.15	0.03	0.03	0.05	0.28	0.28	0.21	0	0	6.28	0	0	0	0	0	0.086	0	0	0	0	0	
1395408822067	2014.03.21_17:33:42	1	0.78	-8.6	3.9	3	2.3	-0.061	0	0	0	0	0	13.6	-0.059	0.0094	0.15	-0.03	0.029	0.047	-0.0094	-0.0094	-0.086	5.12	0.16	0.16	0.3	0.21	0.21	0.2	0.052	0.052	0.02	0.06	0.06	0.15	0.03	0.03	0.05	0.28	0.28	0.21	0	0	6.28	0	0	0	0	0	0.067	0	0	0	0	0	
1395408822117	2014.03.21_17:33:42	1	0.78	-8.6	3.9	3	2.3	-0.061	0	0	0	0	0	13.6	-0.059	0.0094	0.15	-0.03	0.029	0.047	-0.0094	-0.0094	-0.086	5.12	0.16	0.16	0.3	0.21	0.21	0.2	0.052	0.052	0.02	0.06	0.06	0.15	0.03	0.03	0.05	0.28	0.28	0.21	0	0	6.28	0	0	0	0	0	0.067	0	0	0	0	0	
1395408822167	2014.03.21_17:33:42	1	-1.6	2.3	-6.2	3	2.3	-0.041	0	0	0	0	0	13.6	-0.059	0.0063	0.15	-0.03	0.029	0.047	-0.0086	-0.0078	0.12	5.1	0.16	0.16	0.3	0.21	0.21	0.2	0.052	0.052	0.02	0.06	0.06	0.15	0.03	0.03	0.05	0.28	0.28	0.21	0	0	6.28	0	0	0	0	0	0.073	0	0	0	0	0	
1395408822217	2014.03.21_17:33:42	1	-1.6	2.3	-6.2	3	2.3	-0.041	0	0	0	0	0	13.6	-0.059	0.0063	0.15	-0.03	0.029	0.047	-0.0086	-0.0078	0.12	5.1	0.16	0.16	0.3	0.21	0.21	0.2	0.052	0.052	0.02	0.06	0.06	0.15	0.03	0.03	0.05	0.28	0.28	0.21	0	0	6.28	0	0	0	0	0	0.073	0	0	0	0	0	
1395408822267	2014.03.21_17:33:42	1	-1.6	-1.6	0	3	2.3	-0.048	0	0	0	0	0	13.6	-0.059	0.007	0.15	-0.03	0.029	0.047	0.013	0.0023	0	5.08	0.16	0.16	0.3	0.21	0.21	0.2	0.052	0.052	0.02	0.06	0.06	0.15	0.03	0.03	0.05	0.28	0.28	0.21	0	0	6.28	0	0	0	0	0	0.072	0	0	0	0	0	
1395408822317	2014.03.21_17:33:42	1	-1.6	-1.6	0	3	2.3	-0.048	0	0	0	0	0	13.6	-0.059	0.007	0.15	-0.03	0.029	0.047	0.013	0.0023	0	5.08	0.16	0.16	0.3	0.21	0.21	0.2	0.052	0.052	0.02	0.06	0.06	0.15	0.03	0.03	0.05	0.28	0.28	0.21	0	0	6.28	0	0	0	0	0	0.072	0	0	0	0	0	
1395408822367	2014.03.21_17:33:42	1	2.3	0	6.2	3	2.3	-0.042	0	0	0	0	0	13.6	-0.059	0.0063	0.15	-0.03	0.029	0.047	-0.007	0.021	-0.14	5.11	0.16	0.16	0.3	0.21	0.21	0.2	0.052	0.052	0.02	0.06	0.06	0.15	0.03	0.03	0.05	0.28	0.28	0.21	0	0	6.28	0	0	0	0	0	0.072	0	0	0	0	0	
1395408822417	2014.03.21_17:33:42	1	2.3	0	6.2	3	2.3	-0.042	0	0	0	0	0	13.6	-0.059	0.0063	0.15	-0.03	0.029	0.047	-0.007	0.021	-0.14	5.11	0.16	0.16	0.3	0.21	0.21	0.2	0.052	0.052	0.02	0.06	0.06	0.15	0.03	0.03	0.05	0.28	0.28	0.21	0	0	6.28	0	0	0	0	0	0.072	0	0	0	0	0	
1395408822467	2014.03.21_17:33:42	1	1.6	0.78	-1.6	3	2.3	-0.041	0	0	0	0	0	13.6	-0.059	0.0063	0.15	-0.03	0.029	0.047	-0.022	-0.0023	0.016	5.12	0.16	0.16	0.3	0.21	0.21	0.2	0.052	0.052	0.02	0.06	0.06	0.15	0.03	0.03	0.05	0.28	0.28	0.21	0	0	6.28	0	0	0	0	0	0.072	0	0	0	0	0	
1395408822517	2014.03.21_17:33:42	1	1.6	0.78	-1.6	3	2.3	-0.041	0	0	0	0	0	13.6	-0.059	0.0063	0.15	-0.03	0.029	0.047	-0.022	-0.0023	0.016	5.12	0.16	0.16	0.3	0.21	0.21	0.2	0.052	0.052	0.02	0.06	0.06	0.15	0.03	0.03	0.05	0.28	0.28	0.21	0	0	6.28	0	0	0	0	0	0.072	0	0	0	0	0	
1395408822567	2014.03.21_17:33:42	1	1.6	1.6	-4.7	3	2.4	-0.047	0	0	0	0	0	13.6	-0.059	0.007	0.15	-0.03	0.029	0.047	-0.00078	-0.0039	0.078	5.1	0.16	0.16	0.3	0.21	0.21	0.2	0.052	0.052	0.02	0.06	0.06	0.15	0.03	0.03	0.05	0.28	0.28	0.21	0	0	6.28	0	0	0	0	0	0.061	0	0	0	0	0	
1395408822617	2014.03.21_17:33:42	1	1.6	1.6	-4.7	3	2.4	-0.047	0	0	0	0	0	13.6	-0.059	0.007	0.15	-0.03	0.029	0.047	-0.00078	-0.0039	0.078	5.1	0.16	0.16	0.3	0.21	0.21	0.2	0.052	0.052	0.02	0.06	0.06	0.15	0.03	0.03	0.05	0.28	0.28	0.21	0	0	6.28	0	0	0	0	0	0.061	0	0	0	0	0	
1395408822667	2014.03.21_17:33:42	1	4.7	0	-0.78	3	2.4	-0.047	0	0	0	0	0	13.6	-0.059	0.007	0.15	-0.03	0.029	0.047	-0.01	0.0039	0	5.11	0.16	0.16	0.3	0.21	0.21	0.2	0.052	0.052	0.02	0.06	0.06	0.15	0.03	0.03	0.05	0.28	0.28	0.21	0	0	6.28	0	0	0	0	0	0.074	0	0	0	0	0	
1395408822717	2014.03.21_17:33:42	1	4.7	0	-0.78	3	2.4	-0.047	0	0	0	0	0	13.6	-0.059	0.007	0.15	-0.03	0.029	0.047	-0.01	0.0039	0	5.11	0.16	0.16	0.3	0.21	0.21	0.2	0.052	0.052	0.02	0.06	0.06	0.15	0.03	0.03	0.05	0.28	0.28	0.21	0	0	6.28	0	0	0	0	0	0.074	0	0	0	0	0	
1395408822767	2014.03.21_17:33:42	1	4.7	-0.78	1.6	3	2.4	-0.044	0	0	0	0	0	13.6	-0.059	0.007	0.15	-0.03	0.029	0.047	-0.027	0.0055	-0.047	5.14	0.16	0.16	0.3	0.21	0.21	0.2	0.052	0.052	0.02	0.06	0.06	0.15	0.03	0.03	0.05	0.28	0.28	0.21	0	0	6.28	0	0	0	0	0	0.071	0	0	0	0	0	
1395408822817	2014.03.21_17:33:42	1	4.7	-0.78	1.6	3	2.4	-0.044	0	0	0	0	0	13.6	-0.059	0.007	0.15	-0.03	0.029	0.047	-0.027	0.0055	-0.047	5.14	0.16	0.16	0.3	0.21	0.21	0.2	0.052	0.052	0.02	0.06	0.06	0.15	0.03	0.03	0.05	0.28	0.28	0.21	0	0	6.28	0	0	0	0	0	0.071	0	0	0	0	0	
1395408822867	2014.03.21_17:33:42	1	2.3	1.6	-0.78	3	2.5	-0.042	0	0	0	0	0	13.6	-0.059	0.0063	0.15	-0.03	0.029	0.047	-0.011	0.0039	0	5.12	0.16	0.16	0.3	0.21	0.21	0.2	0.052	0.052	0.02	0.06	0.06	0.15	0.03	0.03	0.05	0.28	0.28	0.21	0	0	6.28	0	0	0	0	0	0.067	0	0	0	0	0	
1395408822917	2014.03.21_17:33:42	1	2.3	1.6	-0.78	3	2.5	-0.042	0	0	0	0	0	13.6	-0.059	0.0063	0.15	-0.03	0.029	0.047	-0.011	0.0039	0	5.12	0.16	0.16	0.3	0.21	0.21	0.2	0.052	0.052	0.02	0.06	0.06	0.15	0.03	0.03	0.05	0.28	0.28	0.21	0	0	6.28	0	0	0	0	0	0.067	0	0	0	0	0	
1395408822967	2014.03.21_17:33:42	1	3.1	0	-2.3	3	2.5	-0.044	0	0	0	0	0	13.6	-0.059	0.0063	0.15	-0.03	0.029	0.047	-0.0078	-0.0039	0.031	5.12	0.16	0.16	0.3	0.21	0.21	0.2	0.052	0.052	0.02	0.06	0.06	0.15	0.03	0.03	0.05	0.28	0.28	0.21	0	0	6.28	0	0	0	0	0	0.068	0	0	0	0	0	
1395408823017	2014.03.21_17:33:43	1	3.1	0	-2.3	3	2.5	-0.044	0	0	0	0	0	13.6	-0.059	0.0063	0.15	-0.03	0.029	0.047	-0.0078	-0.0039	0.031	5.12	0.16	0.16	0.3	0.21	0.21	0.2	0.052	0.052	0.02	0.06	0.06	0.15	0.03	0.03	0.05	0.28	0.28	0.21	0	0	6.28	0	0	0	0	0	0.068	0	0	0	0	0	
1395408823067	2014.03.21_17:33:43	1	3.1	0	0	3	2.5	-0.045	0	0	0	0	0	13.6	-0.059	0.007	0.15	-0.03	0.029	0.047	-0.016	0.0047	-0.0078	5.11	0.16	0.16	0.3	0.21	0.21	0.2	0.052	0.052	0.02	0.06	0.06	0.15	0.03	0.03	0.05	0.28	0.28	0.21	0	0	6.28	0	0	0	0	0	0.058	0	0	0	0	0	
1395408823117	2014.03.21_17:33:43	1	3.1	0	0	3	2.5	-0.045	0	0	0	0	0	13.6	-0.059	0.007	0.15	-0.03	0.029	0.047	-0.016	0.0047	-0.0078	5.11	0.16	0.16	0.3	0.21	0.21	0.2	0.052	0.052	0.02	0.06	0.06	0.15	0.03	0.03	0.05	0.28	0.28	0.21	0	0	6.28	0	0	0	0	0	0.058	0	0	0	0	0	
1395408823167	2014.03.21_17:33:43	1	0	0	0.78	3	2.5	-0.043	0	0	0	0	0	13.6	-0.059	0.0063	0.15	-0.03	0.029	0.047	-0.007	0.0047	-0.031	5.11	0.16	0.16	0.3	0.21	0.21	0.2	0.052	0.052	0.02	0.06	0.06	0.15	0.03	0.03	0.05	0.28	0.28	0.21	0	0	6.28	0	0	0	0	0	0.059	0	0	0	0	0	
1395408823217	2014.03.21_17:33:43	1	0	0	0.78	3	2.5	-0.043	0	0	0	0	0	13.6	-0.059	0.0063	0.15	-0.03	0.029	0.047	-0.007	0.0047	-0.031	5.11	0.16	0.16	0.3	0.21	0.21	0.2	0.052	0.052	0.02	0.06	0.06	0.15	0.03	0.03	0.05	0.28	0.28	0.21	0	0	6.28	0	0	0	0	0	0.059	0	0	0	0	0	
1395408823267	2014.03.21_17:33:43	1	0	-0.78	-0.78	3	2.5	-0.043	0	0	0	0	0	13.6	-0.059	0.0063	0.15	-0.03	0.029	0.047	0.0047	-0.0023	0	5.13	0.16	0.16	0.3	0.21	0.21	0.2	0.052	0.052	0.02	0.06	0.06	0.15	0.03	0.03	0.05	0.28	0.28	0.21	0	0	6.28	0	0	0	0	0	0.067	0	0	0	0	0	
1395408823317	2014.03.21_17:33:43	1	0	-0.78	-0.78	3	2.5	-0.043	0	0	0	0	0	13.6	-0.059	0.0063	0.15	-0.03	0.029	0.047	0.0047	-0.0023	0	5.13	0.16	0.16	0.3	0.21	0.21	0.2	0.052	0.052	0.02	0.06	0.06	0.15	0.03	0.03	0.05	0.28	0.28	0.21	0	0	6.28	0	0	0	0	0	0.067	0	0	0	0	0	
1395408823367	2014.03.21_17:33:43	1	-0.78	-0.78	-1.6	3	2.5	-0.045	0	0	0	0	0	13.6	-0.059	0.007	0.15	-0.03	0.029	0.047	0.0016	-0.0016	0.016	5.11	0.16	0.16	0.3	0.21	0.21	0.2	0.052	0.052	0.02	0.06	0.06	0.15	0.03	0.03	0.05	0.28	0.28	0.21	0	0	6.28	0	0	0	0	0	0.056	0	0	0	0	0	
1395408823417	2014.03.21_17:33:43	1	-0.78	-0.78	-1.6	3	2.5	-0.045	0	0	0	0	0	13.6	-0.059	0.007	0.15	-0.03	0.029	0.047	0.0016	-0.0016	0.016	5.11	0.16	0.16	0.3	0.21	0.21	0.2	0.052	0.052	0.02	0.06	0.06	0.15	0.03	0.03	0.05	0.28	0.28	0.21	0	0	6.28	0	0	0	0	0	0.056	0	0	0	0	0	
1395408823467	2014.03.21_17:33:43	1	-2.3	0	0.78	3	2.5	-0.042	0	0	0	0	0	13.6	-0.059	0.0063	0.15	-0.03	0.029	0.047	0.0031	0.0023	-0.023	5.14	0.16	0.16	0.3	0.21	0.21	0.2	0.052	0.052	0.02	0.06	0.06	0.15	0.03	0.03	0.05	0.28	0.28	0.21	0	0	6.28	0	0	0	0	0	0.06	0	0	0	0	0	
1395408823517	2014.03.21_17:33:43	1	-2.3	0	0.78	3	2.5	-0.042	0	0	0	0	0	13.6	-0.059	0.0063	0.15	-0.03	0.029	0.047	0.0031	0.0023	-0.023	5.14	0.16	0.16	0.3	0.21	0.21	0.2	0.052	0.052	0.02	0.06	0.06	0.15	0.03	0.03	0.05	0.28	0.28	0.21	0	0	6.28	0	0	0	0	0	0.06	0	0	0	0	0	
1395408823567	2014.03.21_17:33:43	1	-3.9	-1.6	0	3	2.5	-0.038	0	0	0	0	0	13.6	-0.059	0.0055	0.15	-0.03	0.029	0.047	0.015	-0.0016	-0.016	5.11	0.16	0.16	0.3	0.21	0.21	0.2	0.052	0.052	0.02	0.06	0.06	0.15	0.03	0.03	0.05	0.28	0.28	0.21	0	0	6.28	0	0	0	0	0	0.066	0	0	0	0	0	
1395408823617	2014.03.21_17:33:43	1	-3.9	-1.6	0	3	2.5	-0.038	0	0	0	0	0	13.6	-0.059	0.0055	0.15	-0.03	0.029	0.047	0.015	-0.0016	-0.016	5.11	0.16	0.16	0.3	0.21	0.21	0.2	0.052	0.052	0.02	0.06	0.06	0.15	0.03	0.03	0.05	0.28	0.28	0.21	0	0	6.28	0	0	0	0	0	0.066	0	0	0	0	0	
1395408823668	2014.03.21_17:33:43	1	-3.9	0	-1.6	3	2.5	-0.04	0	0	0	0	0	13.6	-0.059	0.0063	0.15	-0.03	0.029	0.047	0.016	-0.0039	0.016	5.12	0.16	0.16	0.3	0.21	0.21	0.2	0.052	0.052	0.02	0.06	0.06	0.15	0.03	0.03	0.05	0.28	0.28	0.21	0	0	6.28	0	0	0	0	0	0.072	0	0	0	0	0	
1395408823717	2014.03.21_17:33:43	1	-3.9	0	-1.6	3	2.5	-0.04	0	0	0	0	0	13.6	-0.059	0.0063	0.15	-0.03	0.029	0.047	0.016	-0.0039	0.016	5.12	0.16	0.16	0.3	0.21	0.21	0.2	0.052	0.052	0.02	0.06	0.06	0.15	0.03	0.03	0.05	0.28	0.28	0.21	0	0	6.28	0	0	0	0	0	0.072	0	0	0	0	0	
1395408823767	2014.03.21_17:33:43	1	-3.9	-1.6	0	3	2.4	-0.042	0	0	0	0	0	13.6	-0.059	0.0063	0.15	-0.03	0.029	0.047	0.01	-0.0016	0	5.17	0.16	0.16	0.3	0.21	0.21	0.2	0.052	0.052	0.02	0.06	0.06	0.15	0.03	0.03	0.05	0.28	0.28	0.21	0	0	6.28	0	0	0	0	0	0.06	0	0	0	0	0	
1395408823817	2014.03.21_17:33:43	1	-3.9	-1.6	0	3	2.4	-0.042	0	0	0	0	0	13.6	-0.059	0.0063	0.15	-0.03	0.029	0.047	0.01	-0.0016	0	5.17	0.16	0.16	0.3	0.21	0.21	0.2	0.052	0.052	0.02	0.06	0.06	0.15	0.03	0.03	0.05	0.28	0.28	0.21	0	0	6.28	0	0	0	0	0	0.06	0	0	0	0	0	
1395408823867	2014.03.21_17:33:43	1	-4.7	-1.6	0	3	2.4	-0.039	0	0	0	0	0	13.6	-0.059	0.0055	0.15	-0.03	0.029	0.047	0.013	-0.0031	0	5.11	0.16	0.16	0.3	0.21	0.21	0.2	0.052	0.052	0.02	0.06	0.06	0.15	0.03	0.03	0.05	0.28	0.28	0.21	0	0	6.28	0	0	0	0	0	0.063	0	0	0	0	0	
1395408823917	2014.03.21_17:33:43	1	-4.7	-1.6	0	3	2.4	-0.039	0	0	0	0	0	13.6	-0.059	0.0055	0.15	-0.03	0.029	0.047	0.013	-0.0031	0	5.11	0.16	0.16	0.3	0.21	0.21	0.2	0.052	0.052	0.02	0.06	0.06	0.15	0.03	0.03	0.05	0.28	0.28	0.21	0	0	6.28	0	0	0	0	0	0.063	0	0	0	0	0	
1395408823967	2014.03.21_17:33:43	1	-3.9	-1.6	0	3	2.4	-0.044	0	0	0	0	0	13.6	-0.059	0.007	0.15	-0.03	0.029	0.047	0.014	-0.0031	-0.0078	5.11	0.16	0.16	0.3	0.21	0.21	0.2	0.052	0.052	0.02	0.06	0.06	0.15	0.03	0.03	0.05	0.28	0.28	0.21	0	0	6.28	0	0	0	0	0	0.06	0	0	0	0	0	
1395408824017	2014.03.21_17:33:44	1	-3.9	-1.6	0	3	2.4	-0.044	0	0	0	0	0	13.6	-0.059	0.007	0.15	-0.03	0.029	0.047	0.014	-0.0031	-0.0078	5.11	0.16	0.16	0.3	0.21	0.21	0.2	0.052	0.052	0.02	0.06	0.06	0.15	0.03	0.03	0.05	0.28	0.28	0.21	0	0	6.28	0	0	0	0	0	0.06	0	0	0	0	0	
1395408824067	2014.03.21_17:33:44	1	-3.1	-0.78	0	3	2.4	-0.041	0	0	0	0	0	13.6	-0.059	0.0063	0.15	-0.03	0.029	0.047	0.007	-0.0016	0	5.14	0.16	0.16	0.3	0.21	0.21	0.2	0.052	0.052	0.02	0.06	0.06	0.15	0.03	0.03	0.05	0.28	0.28	0.21	0	0	6.28	0	0	0	0	0	0.059	0	0	0	0	0	
1395408824117	2014.03.21_17:33:44	1	-3.1	-0.78	0	3	2.4	-0.041	0	0	0	0	0	13.6	-0.059	0.0063	0.15	-0.03	0.029	0.047	0.007	-0.0016	0	5.14	0.16	0.16	0.3	0.21	0.21	0.2	0.052	0.052	0.02	0.06	0.06	0.15	0.03	0.03	0.05	0.28	0.28	0.21	0	0	6.28	0	0	0	0	0	0.059	0	0	0	0	0	
1395408824167	2014.03.21_17:33:44	1	-2.3	-1.6	-1.6	3	2.3	-0.041	0	0	0	0	0	13.6	-0.059	0.0063	0.15	-0.03	0.029	0.047	0.0047	-0.0047	0.016	5.11	0.16	0.16	0.3	0.21	0.21	0.2	0.052	0.052	0.02	0.06	0.06	0.15	0.03	0.03	0.05	0.28	0.28	0.21	0	0	6.28	0	0	0	0	0	0.072	0	0	0	0	0	
1395408824217	2014.03.21_17:33:44	1	-2.3	-1.6	-1.6	3	2.3	-0.041	0	0	0	0	0	13.6	-0.059	0.0063	0.15	-0.03	0.029	0.047	0.0047	-0.0047	0.016	5.11	0.16	0.16	0.3	0.21	0.21	0.2	0.052	0.052	0.02	0.06	0.06	0.15	0.03	0.03	0.05	0.28	0.28	0.21	0	0	6.28	0	0	0	0	0	0.072	0	0	0	0	0	
1395408824267	2014.03.21_17:33:44	1	-1.6	-1.6	0	3	2.3	-0.043	0	0	0	0	0	13.6	-0.059	0.0063	0.15	-0.03	0.029	0.047	0.0055	-0.0023	0	5.1	0.16	0.16	0.3	0.21	0.21	0.2	0.052	0.052	0.02	0.06	0.06	0.15	0.03	0.03	0.05	0.28	0.28	0.21	0	0	6.28	0	0	0	0	0	0.073	0	0	0	0	0	
1395408824317	2014.03.21_17:33:44	1	-1.6	-1.6	0	3	2.3	-0.043	0	0	0	0	0	13.6	-0.059	0.0063	0.15	-0.03	0.029	0.047	0.0055	-0.0023	0	5.1	0.16	0.16	0.3	0.21	0.21	0.2	0.052	0.052	0.02	0.06	0.06	0.15	0.03	0.03	0.05	0.28	0.28	0.21	0	0	6.28	0	0	0	0	0	0.073	0	0	0	0	0	
1395408824367	2014.03.21_17:33:44	1	0	-2.3	0.78	3	2.3	-0.039	0	0	0	0	0	13.6	-0.059	0.0063	0.15	-0.03	0.029	0.047	-0.0031	-0.0031	-0.023	5.14	0.16	0.16	0.3	0.21	0.21	0.2	0.052	0.052	0.02	0.06	0.06	0.15	0.03	0.03	0.05	0.28	0.28	0.21	0	0	6.28	0	0	0	0	0	0.066	0	0	0	0	0	
1395408824417	2014.03.21_17:33:44	1	0	-2.3	0.78	3	2.3	-0.039	0	0	0	0	0	13.6	-0.059	0.0063	0.15	-0.03	0.029	0.047	-0.0031	-0.0031	-0.023	5.14	0.16	0.16	0.3	0.21	0.21	0.2	0.052	0.052	0.02	0.06	0.06	0.15	0.03	0.03	0.05	0.28	0.28	0.21	0	0	6.28	0	0	0	0	0	0.066	0	0	0	0	0	
1395408824467	2014.03.21_17:33:44	1	0.78	-1.6	-1.6	3	2.3	-0.038	0	0	0	0	0	13.6	-0.059	0.0055	0.15	-0.03	0.029	0.047	-0.0063	-0.0055	0.016	5.1	0.16	0.16	0.3	0.21	0.21	0.2	0.052	0.052	0.02	0.06	0.06	0.15	0.03	0.03	0.05	0.28	0.28	0.21	0	0	6.28	0	0	0	0	0	0.077	0	0	0	0	0	
1395408824517	2014.03.21_17:33:44	1	0.78	-1.6	-1.6	3	2.3	-0.038	0	0	0	0	0	13.6	-0.059	0.0055	0.15	-0.03	0.029	0.047	-0.0063	-0.0055	0.016	5.1	0.16	0.16	0.3	0.21	0.21	0.2	0.052	0.052	0.02	0.06	0.06	0.15	0.03	0.03	0.05	0.28	0.28	0.21	0	0	6.28	0	0	0	0	0	0.077	0	0	0	0	0	
1395408824567	2014.03.21_17:33:44	1	0.78	-0.78	-0.78	3	2.3	-0.039	0	0	0	0	0	13.6	-0.059	0.0055	0.15	-0.03	0.029	0.047	-0.0055	-0.00078	0	5.11	0.16	0.16	0.3	0.21	0.21	0.2	0.052	0.052	0.02	0.06	0.06	0.15	0.03	0.03	0.05	0.28	0.28	0.21	0	0	6.28	0	0	0	0	0	0.077	0	0	0	0	0	
1395408824617	2014.03.21_17:33:44	1	0.78	-0.78	-0.78	3	2.3	-0.039	0	0	0	0	0	13.6	-0.059	0.0055	0.15	-0.03	0.029	0.047	-0.0055	-0.00078	0	5.11	0.16	0.16	0.3	0.21	0.21	0.2	0.052	0.052	0.02	0.06	0.06	0.15	0.03	0.03	0.05	0.28	0.28	0.21	0	0	6.28	0	0	0	0	0	0.077	0	0	0	0	0	
1395408824667	2014.03.21_17:33:44	1	2.3	-0.78	0	3	2.4	-0.038	0	0	0	0	0	13.6	-0.059	0.0055	0.15	-0.03	0.029	0.047	-0.0094	0.00078	-0.016	5.11	0.16	0.16	0.3	0.21	0.21	0.2	0.052	0.052	0.02	0.06	0.06	0.15	0.03	0.03	0.05	0.28	0.28	0.21	0	0	6.28	0	0	0	0	0	0.073	0	0	0	0	0	
1395408824717	2014.03.21_17:33:44	1	2.3	-0.78	0	3	2.4	-0.038	0	0	0	0	0	13.6	-0.059	0.0055	0.15	-0.03	0.029	0.047	-0.0094	0.00078	-0.016	5.11	0.16	0.16	0.3	0.21	0.21	0.2	0.052	0.052	0.02	0.06	0.06	0.15	0.03	0.03	0.05	0.28	0.28	0.21	0	0	6.28	0	0	0	0	0	0.073	0	0	0	0	0	
1395408824767	2014.03.21_17:33:44	1	3.1	0	0	3	2.4	-0.038	0	0	0	0	0	13.6	-0.059	0.0055	0.15	-0.03	0.029	0.047	-0.016	0.00078	-0.0078	5.11	0.16	0.16	0.3	0.21	0.21	0.2	0.052	0.052	0.02	0.06	0.06	0.15	0.03	0.03	0.05	0.28	0.28	0.21	0	0	6.28	0	0	0	0	0	0.067	0	0	0	0	0	
1395408824817	2014.03.21_17:33:44	1	3.1	0	0	3	2.4	-0.038	0	0	0	0	0	13.6	-0.059	0.0055	0.15	-0.03	0.029	0.047	-0.016	0.00078	-0.0078	5.11	0.16	0.16	0.3	0.21	0.21	0.2	0.052	0.052	0.02	0.06	0.06	0.15	0.03	0.03	0.05	0.28	0.28	0.21	0	0	6.28	0	0	0	0	0	0.067	0	0	0	0	0	
1395408824867	2014.03.21_17:33:44	1	3.1	0	-1.6	3	2.4	-0.038	0	0	0	0	0	13.6	-0.059	0.0055	0.15	-0.03	0.029	0.047	-0.013	-0.0016	0.016	5.12	0.16	0.16	0.3	0.21	0.21	0.2	0.052	0.052	0.02	0.06	0.06	0.15	0.03	0.03	0.05	0.28	0.28	0.21	0	0	6.28	0	0	0	0	0	0.062	0	0	0	0	0	
1395408824927	2014.03.21_17:33:44	1	3.1	0	-1.6	3	2.4	-0.038	0	0	0	0	0	13.6	-0.059	0.0055	0.15	-0.03	0.029	0.047	-0.013	-0.0016	0.016	5.12	0.16	0.16	0.3	0.21	0.21	0.2	0.052	0.052	0.02	0.06	0.06	0.15	0.03	0.03	0.05	0.28	0.28	0.21	0	0	6.28	0	0	0	0	0	0.062	0	0	0	0	0	
1395408824967	2014.03.21_17:33:44	1	3.1	-0.78	0	3	2.4	-0.041	0	0	0	0	0	13.6	-0.059	0.0063	0.15	-0.03	0.029	0.047	-0.01	0.00078	0	5.15	0.16	0.16	0.3	0.21	0.21	0.2	0.052	0.052	0.02	0.06	0.06	0.15	0.03	0.03	0.05	0.28	0.28	0.21	0	0	6.28	0	0	0	0	0	0.081	0	0	0	0	0	
1395408825017	2014.03.21_17:33:45	1	3.1	-0.78	0	3	2.4	-0.041	0	0	0	0	0	13.6	-0.059	0.0063	0.15	-0.03	0.029	0.047	-0.01	0.00078	0	5.15	0.16	0.16	0.3	0.21	0.21	0.2	0.052	0.052	0.02	0.06	0.06	0.15	0.03	0.03	0.05	0.28	0.28	0.21	0	0	6.28	0	0	0	0	0	0.081	0	0	0	0	0	
1395408825067	2014.03.21_17:33:45	1	2.3	0	0.78	3	2.5	-0.039	0	0	0	0	0	13.6	-0.059	0.0055	0.15	-0.03	0.029	0.047	-0.013	0.0023	-0.023	5.12	0.16	0.16	0.3	0.21	0.21	0.2	0.052	0.052	0.02	0.06	0.06	0.15	0.03	0.03	0.05	0.28	0.28	0.21	0	0	6.28	0	0	0	0	0	0.079	0	0	0	0	0	
1395408825117	2014.03.21_17:33:45	1	2.3	0	0.78	3	2.5	-0.039	0	0	0	0	0	13.6	-0.059	0.0055	0.15	-0.03	0.029	0.047	-0.013	0.0023	-0.023	5.12	0.16	0.16	0.3	0.21	0.21	0.2	0.052	0.052	0.02	0.06	0.06	0.15	0.03	0.03	0.05	0.28	0.28	0.21	0	0	6.28	0	0	0	0	0	0.079	0	0	0	0	0	
1395408825167	2014.03.21_17:33:45	1	1.6	0	-1.6	3	2.5	-0.038	0	0	0	0	0	13.6	-0.059	0.0055	0.15	-0.03	0.029	0.047	-0.0094	-0.00078	0.016	5.13	0.16	0.16	0.3	0.21	0.21	0.2	0.052	0.052	0.02	0.06	0.06	0.15	0.03	0.03	0.05	0.28	0.28	0.21	0	0	6.28	0	0	0	0	0	0.068	0	0	0	0	0	
1395408825217	2014.03.21_17:33:45	1	1.6	0	-1.6	3	2.5	-0.038	0	0	0	0	0	13.6	-0.059	0.0055	0.15	-0.03	0.029	0.047	-0.0094	-0.00078	0.016	5.13	0.16	0.16	0.3	0.21	0.21	0.2	0.052	0.052	0.02	0.06	0.06	0.15	0.03	0.03	0.05	0.28	0.28	0.21	0	0	6.28	0	0	0	0	0	0.068	0	0	0	0	0	
1395408825267	2014.03.21_17:33:45	1	0.78	0	-0.78	3	2.5	-0.04	0	0	0	0	0	13.6	-0.059	0.0063	0.15	-0.03	0.029	0.047	-0.0031	0.00078	0.0078	5.14	0.16	0.16	0.3	0.21	0.21	0.2	0.052	0.052	0.02	0.06	0.06	0.15	0.03	0.03	0.05	0.28	0.28	0.21	0	0	6.28	0	0	0	0	0	0.076	0	0	0	0	0	
1395408825317	2014.03.21_17:33:45	1	0.78	0	-0.78	3	2.5	-0.04	0	0	0	0	0	13.6	-0.059	0.0063	0.15	-0.03	0.029	0.047	-0.0031	0.00078	0.0078	5.14	0.16	0.16	0.3	0.21	0.21	0.2	0.052	0.052	0.02	0.06	0.06	0.15	0.03	0.03	0.05	0.28	0.28	0.21	0	0	6.28	0	0	0	0	0	0.076	0	0	0	0	0	
1395408825367	2014.03.21_17:33:45	1	0	0	0.78	3	2.5	-0.04	0	0	0	0	0	13.6	-0.059	0.0063	0.15	-0.03	0.029	0.047	-0.0016	0.0031	-0.023	5.12	0.16	0.16	0.3	0.21	0.21	0.2	0.052	0.052	0.02	0.06	0.06	0.15	0.03	0.03	0.05	0.28	0.28	0.21	0	0	6.28	0	0	0	0	0	0.084	0	0	0	0	0	
1395408825417	2014.03.21_17:33:45	1	0	0	0.78	3	2.5	-0.04	0	0	0	0	0	13.6	-0.059	0.0063	0.15	-0.03	0.029	0.047	-0.0016	0.0031	-0.023	5.12	0.16	0.16	0.3	0.21	0.21	0.2	0.052	0.052	0.02	0.06	0.06	0.15	0.03	0.03	0.05	0.28	0.28	0.21	0	0	6.28	0	0	0	0	0	0.084	0	0	0	0	0	
1395408825467	2014.03.21_17:33:45	1	-0.78	0	-1.6	3	2.5	-0.039	0	0	0	0	0	13.6	-0.059	0.0063	0.15	-0.03	0.029	0.047	0	-0.0016	0.016	5.12	0.16	0.16	0.3	0.21	0.21	0.2	0.052	0.052	0.02	0.06	0.06	0.15	0.03	0.03	0.05	0.28	0.28	0.21	0	0	6.28	0	0	0	0	0	0.082	0	0	0	0	0	
1395408825534	2014.03.21_17:33:45	1	-2.3	0.78	-0.78	3	2.5	-0.04	0	0	0	0	0	13.6	-0.059	0.0063	0.15	-0.03	0.029	0.047	0.007	0.0023	0	5.15	0.16	0.16	0.3	0.21	0.21	0.2	0.052	0.052	0.02	0.06	0.06	0.15	0.03	0.03	0.05	0.28	0.28	0.21	0	0	6.28	0	0	0	0	0	0.066	0	0	0	0	0	
1395408825579	2014.03.21_17:33:45	1	-2.3	0.78	-0.78	3	2.5	-0.04	0	0	0	0	0	13.6	-0.059	0.0063	0.15	-0.03	0.029	0.047	0.007	0.0023	0	5.15	0.16	0.16	0.3	0.21	0.21	0.2	0.052	0.052	0.02	0.06	0.06	0.15	0.03	0.03	0.05	0.28	0.28	0.21	0	0	6.28	0	0	0	0	0	0.066	0	0	0	0	0	
1395408825617	2014.03.21_17:33:45	1	-2.3	0	0	3	2.5	-0.038	0	0	0	0	0	13.6	-0.059	0.0055	0.15	-0.03	0.029	0.047	0.0086	0	0	5.13	0.16	0.16	0.3	0.21	0.21	0.2	0.052	0.052	0.02	0.06	0.06	0.15	0.03	0.03	0.05	0.28	0.28	0.21	0	0	6.28	0	0	0	0	0	0.064	0	0	0	0	0	
1395408825668	2014.03.21_17:33:45	1	-2.3	0	0	3	2.5	-0.038	0	0	0	0	0	13.6	-0.059	0.0055	0.15	-0.03	0.029	0.047	0.0086	0	0	5.13	0.16	0.16	0.3	0.21	0.21	0.2	0.052	0.052	0.02	0.06	0.06	0.15	0.03	0.03	0.05	0.28	0.28	0.21	0	0	6.28	0	0	0	0	0	0.064	0	0	0	0	0	
1395408825717	2014.03.21_17:33:45	1	-3.1	-1.6	-0.78	3	2.5	-0.039	0	0	0	0	0	13.6	-0.059	0.0063	0.15	-0.03	0.029	0.047	0.0086	-0.0023	0	5.16	0.16	0.16	0.3	0.21	0.21	0.2	0.052	0.052	0.02	0.06	0.06	0.15	0.03	0.03	0.05	0.28	0.28	0.21	0	0	6.28	0	0	0	0	0	0.06	0	0	0	0	0	
1395408825767	2014.03.21_17:33:45	1	-3.1	-1.6	-0.78	3	2.5	-0.039	0	0	0	0	0	13.6	-0.059	0.0063	0.15	-0.03	0.029	0.047	0.0086	-0.0023	0	5.16	0.16	0.16	0.3	0.21	0.21	0.2	0.052	0.052	0.02	0.06	0.06	0.15	0.03	0.03	0.05	0.28	0.28	0.21	0	0	6.28	0	0	0	0	0	0.06	0	0	0	0	0	
1395408825826	2014.03.21_17:33:45	1	-3.9	-0.78	0	3	2.4	-0.038	0	0	0	0	0	13.6	-0.059	0.0055	0.15	-0.03	0.029	0.047	0.01	-0.0016	0	5.12	0.16	0.16	0.3	0.21	0.21	0.2	0.052	0.052	0.02	0.06	0.06	0.15	0.03	0.03	0.05	0.28	0.28	0.21	0	0	6.28	0	0	0	0	0	0.087	0	0	0	0	0	
1395408825867	2014.03.21_17:33:45	1	-3.9	-0.78	0	3	2.4	-0.038	0	0	0	0	0	13.6	-0.059	0.0055	0.15	-0.03	0.029	0.047	0.01	-0.0016	0	5.12	0.16	0.16	0.3	0.21	0.21	0.2	0.052	0.052	0.02	0.06	0.06	0.15	0.03	0.03	0.05	0.28	0.28	0.21	0	0	6.28	0	0	0	0	0	0.087	0	0	0	0	0	
1395408825917	2014.03.21_17:33:45	1	-3.9	-1.6	-0.78	3	2.4	-0.038	0	0	0	0	0	13.6	-0.059	0.0055	0.15	-0.03	0.029	0.047	0.013	-0.0039	0.0078	5.15	0.16	0.16	0.3	0.21	0.21	0.2	0.052	0.052	0.02	0.06	0.06	0.15	0.03	0.03	0.05	0.28	0.28	0.21	0	0	6.28	0	0	0	0	0	0.072	0	0	0	0	0	
1395408825967	2014.03.21_17:33:45	1	-3.9	-1.6	-0.78	3	2.4	-0.038	0	0	0	0	0	13.6	-0.059	0.0055	0.15	-0.03	0.029	0.047	0.013	-0.0039	0.0078	5.15	0.16	0.16	0.3	0.21	0.21	0.2	0.052	0.052	0.02	0.06	0.06	0.15	0.03	0.03	0.05	0.28	0.28	0.21	0	0	6.28	0	0	0	0	0	0.072	0	0	0	0	0	
1395408826017	2014.03.21_17:33:46	1	-3.9	-1.6	0	3	2.4	-0.04	0	0	0	0	0	13.6	-0.059	0.0063	0.15	-0.03	0.029	0.047	0.011	-0.0016	-0.0078	5.16	0.16	0.16	0.3	0.21	0.21	0.2	0.052	0.052	0.02	0.06	0.06	0.15	0.03	0.03	0.05	0.28	0.28	0.21	0	0	6.28	0	0	0	0	0	0.083	0	0	0	0	0	
1395408826067	2014.03.21_17:33:46	1	-3.9	-1.6	0	3	2.4	-0.04	0	0	0	0	0	13.6	-0.059	0.0063	0.15	-0.03	0.029	0.047	0.011	-0.0016	-0.0078	5.16	0.16	0.16	0.3	0.21	0.21	0.2	0.052	0.052	0.02	0.06	0.06	0.15	0.03	0.03	0.05	0.28	0.28	0.21	0	0	6.28	0	0	0	0	0	0.083	0	0	0	0	0	
1395408826117	2014.03.21_17:33:46	1	-3.1	-0.78	-0.78	3	2.4	-0.039	0	-0.082	0.031	0.2	0.55	13.6	-0.059	0.0055	0.15	-0.03	0.029	0.047	0.0078	-0.0016	0	5.12	0.16	0.16	0.3	0.21	0.21	0.2	0.052	0.052	0.02	0.06	0.06	0.15	0.03	0.03	0.05	0.28	0.28	0.21	0	0	6.28	0.55	31	83	38	67	0.082	0	0	0	0	0	
1395408826167	2014.03.21_17:33:46	1	-3.1	-0.78	-0.78	3	2.4	-0.039	0	-0.082	0.031	0.2	0.55	13.6	-0.059	0.0055	0.15	-0.03	0.029	0.047	0.0078	-0.0016	0	5.12	0.16	0.16	0.3	0.21	0.21	0.2	0.052	0.052	0.02	0.06	0.06	0.15	0.03	0.03	0.05	0.28	0.28	0.21	0	0	6.28	0.55	31	83	38	67	0.082	0	0	0	0	0	
1395408826217	2014.03.21_17:33:46	1	-3.1	0	0.78	3	2.4	-0.042	0	-0.082	0.039	0.18	0.55	13.3	-0.059	0.0063	0.15	-0.03	0.029	0.047	0.0094	0.0031	-0.023	5.09	0.16	0.16	0.3	0.21	0.21	0.2	0.052	0.052	0.02	0.06	0.06	0.15	0.03	0.03	0.05	0.28	0.28	0.21	0	0	6.28	0.55	33	80	41	65	0.065	0	0	0	0	0	
1395408826267	2014.03.21_17:33:46	1	-3.1	0	0.78	3	2.4	-0.042	0	-0.082	0.039	0.18	0.55	13.3	-0.059	0.0063	0.15	-0.03	0.029	0.047	0.0094	0.0031	-0.023	5.09	0.16	0.16	0.3	0.21	0.21	0.2	0.052	0.052	0.02	0.06	0.06	0.15	0.03	0.03	0.05	0.28	0.28	0.21	0	0	6.28	0.55	33	80	41	65	0.065	0	0	0	0	0	
1395408826317	2014.03.21_17:33:46	1	-4.7	0	-0.78	3	2.3	-0.041	0	-0.07	0.031	0.2	0.55	12.7	-0.059	0.0063	0.15	-0.03	0.029	0.047	0.017	-0.0023	0.0078	5.09	0.16	0.16	0.3	0.21	0.21	0.2	0.052	0.052	0.02	0.06	0.06	0.15	0.03	0.03	0.05	0.28	0.28	0.21	0	0	6.28	0.55	30	82	37	68	0.063	0	0	0	0	0	
1395408826367	2014.03.21_17:33:46	1	-4.7	0	-0.78	3	2.3	-0.041	0	-0.07	0.031	0.2	0.55	12.7	-0.059	0.0063	0.15	-0.03	0.029	0.047	0.017	-0.0023	0.0078	5.09	0.16	0.16	0.3	0.21	0.21	0.2	0.052	0.052	0.02	0.06	0.06	0.15	0.03	0.03	0.05	0.28	0.28	0.21	0	0	6.28	0.55	30	82	37	68	0.063	0	0	0	0	0	
1395408826417	2014.03.21_17:33:46	1	-30	0	-1.6	3	2.2	-0.048	0	0.023	0.02	0.22	0.55	12.1	-0.059	0.007	0.15	-0.03	0.029	0.047	-0.1	-0.017	0.023	4.91	0.16	0.16	0.3	0.21	0.21	0.2	0.052	0.052	0.02	0.06	0.06	0.15	0.03	0.03	0.05	0.28	0.28	0.21	0	0	6.28	0.55	30	74	34	79	0.064	0	0	0	0	0	
1395408826467	2014.03.21_17:33:46	1	-30	0	-1.6	3	2.2	-0.048	0	0.023	0.02	0.22	0.55	12.1	-0.059	0.007	0.15	-0.03	0.029	0.047	-0.1	-0.017	0.023	4.91	0.16	0.16	0.3	0.21	0.21	0.2	0.052	0.052	0.02	0.06	0.06	0.15	0.03	0.03	0.05	0.28	0.28	0.21	0	0	6.28	0.55	30	74	34	79	0.064	0	0	0	0	0	
1395408826519	2014.03.21_17:33:46	1	-25	-4.7	3.9	3	1.9	-0.043	0	-0.02	0.043	0.11	0.55	12.7	-0.059	0.0063	0.15	-0.03	0.029	0.047	0.071	0.0078	-0.086	5	0.16	0.16	0.3	0.21	0.21	0.2	0.052	0.052	0.02	0.06	0.06	0.15	0.03	0.03	0.05	0.28	0.28	0.21	0	0	6.28	0.55	39	67	48	64	0.08	0	0	0	0	0	
1395408826567	2014.03.21_17:33:46	1	-25	-4.7	3.9	3	1.9	-0.043	0	-0.02	0.043	0.11	0.55	12.7	-0.059	0.0063	0.15	-0.03	0.029	0.047	0.071	0.0078	-0.086	5	0.16	0.16	0.3	0.21	0.21	0.2	0.052	0.052	0.02	0.06	0.06	0.15	0.03	0.03	0.05	0.28	0.28	0.21	0	0	6.28	0.55	39	67	48	64	0.08	0	0	0	0	0	
1395408826617	2014.03.21_17:33:46	1	-16	1.6	-1.6	3	1.8	-0.045	0	-0.035	0.035	0.21	0.55	12.4	-0.059	0.007	0.15	-0.03	0.029	0.047	0.053	0	0.016	4.98	0.16	0.16	0.3	0.21	0.21	0.2	0.052	0.052	0.02	0.06	0.06	0.15	0.03	0.03	0.05	0.28	0.28	0.21	0	0	6.28	0.55	29	80	36	73	0.063	0	0	0	0	0	
1395408826667	2014.03.21_17:33:46	1	-16	1.6	-1.6	3	1.8	-0.045	0	-0.035	0.035	0.21	0.55	12.4	-0.059	0.007	0.15	-0.03	0.029	0.047	0.053	0	0.016	4.98	0.16	0.16	0.3	0.21	0.21	0.2	0.052	0.052	0.02	0.06	0.06	0.15	0.03	0.03	0.05	0.28	0.28	0.21	0	0	6.28	0.55	29	80	36	73	0.063	0	0	0	0	0	
1395408826717	2014.03.21_17:33:46	1	-17	-3.1	-0.78	3	1.7	-0.043	0	-0.012	0.031	0.2	0.55	12.6	-0.059	0.0063	0.15	-0.03	0.029	0.047	0.077	-0.0016	0	4.99	0.16	0.16	0.3	0.21	0.21	0.2	0.052	0.052	0.02	0.06	0.06	0.15	0.03	0.03	0.05	0.28	0.28	0.21	0	0	6.28	0.55	31	76	38	74	0.07	0	0	0	0	0	
1395408826767	2014.03.21_17:33:46	1	-17	-3.1	-0.78	3	1.7	-0.043	0	-0.012	0.031	0.2	0.55	12.6	-0.059	0.0063	0.15	-0.03	0.029	0.047	0.077	-0.0016	0	4.99	0.16	0.16	0.3	0.21	0.21	0.2	0.052	0.052	0.02	0.06	0.06	0.15	0.03	0.03	0.05	0.28	0.28	0.21	0	0	6.28	0.55	31	76	38	74	0.07	0	0	0	0	0	
1395408826817	2014.03.21_17:33:46	1	-14	-1.6	1.6	3	1.5	-0.045	0	-0.039	0.039	0.15	0.55	12.6	-0.059	0.007	0.15	-0.03	0.029	0.047	0.05	0.0063	-0.047	5.02	0.16	0.16	0.3	0.21	0.21	0.2	0.052	0.052	0.02	0.06	0.06	0.15	0.03	0.03	0.05	0.28	0.28	0.21	0	0	6.28	0.55	35	74	43	66	0.075	0	0	0	0	0	
1395408826867	2014.03.21_17:33:46	1	-14	-1.6	1.6	3	1.5	-0.045	0	-0.039	0.039	0.15	0.55	12.6	-0.059	0.007	0.15	-0.03	0.029	0.047	0.05	0.0063	-0.047	5.02	0.16	0.16	0.3	0.21	0.21	0.2	0.052	0.052	0.02	0.06	0.06	0.15	0.03	0.03	0.05	0.28	0.28	0.21	0	0	6.28	0.55	35	74	43	66	0.075	0	0	0	0	0	
1395408826917	2014.03.21_17:33:46	1	-16	-1.6	-0.78	3	1.4	-0.042	0	-0.039	0.027	0.2	0.55	12.4	-0.059	0.0063	0.15	-0.03	0.029	0.047	0.052	-0.0086	0	5.01	0.16	0.16	0.3	0.21	0.21	0.2	0.052	0.052	0.02	0.06	0.06	0.15	0.03	0.03	0.05	0.28	0.28	0.21	0	0	6.28	0.55	32	78	37	71	0.071	0	0	0	0	0	
1395408826967	2014.03.21_17:33:46	1	-16	-1.6	-0.78	3	1.4	-0.042	0	-0.039	0.027	0.2	0.55	12.4	-0.059	0.0063	0.15	-0.03	0.029	0.047	0.052	-0.0086	0	5.01	0.16	0.16	0.3	0.21	0.21	0.2	0.052	0.052	0.02	0.06	0.06	0.15	0.03	0.03	0.05	0.28	0.28	0.21	0	0	6.28	0.55	32	78	37	71	0.071	0	0	0	0	0	
1395408827017	2014.03.21_17:33:47	1	-14	0.78	-2.3	3	1.3	-0.037	0	-0.023	0.016	0.23	0.55	12.2	-0.059	0.0055	0.15	-0.03	0.029	0.047	0.064	-0.019	0.039	5.08	0.16	0.16	0.3	0.21	0.21	0.2	0.052	0.052	0.02	0.06	0.06	0.15	0.03	0.03	0.05	0.28	0.28	0.21	0	0	6.28	0.55	29	80	33	76	0.062	0	0	0	0	0	
1395408827067	2014.03.21_17:33:47	1	-14	0.78	-2.3	3	1.3	-0.037	0	-0.023	0.016	0.23	0.55	12.2	-0.059	0.0055	0.15	-0.03	0.029	0.047	0.064	-0.019	0.039	5.08	0.16	0.16	0.3	0.21	0.21	0.2	0.052	0.052	0.02	0.06	0.06	0.15	0.03	0.03	0.05	0.28	0.28	0.21	0	0	6.28	0.55	29	80	33	76	0.062	0	0	0	0	0	
1395408827117	2014.03.21_17:33:47	1	-12	-1.6	0	3	1.2	-0.06	0	-0.059	0.043	0.19	0.55	12.4	-0.059	0.0094	0.15	-0.03	0.029	0.047	0.031	0.0055	-0.0078	5.09	0.16	0.16	0.3	0.21	0.21	0.2	0.052	0.052	0.02	0.06	0.06	0.15	0.03	0.03	0.05	0.28	0.28	0.21	0	0	6.28	0.55	31	79	40	68	0.072	0	0	0	0	0	
1395408827167	2014.03.21_17:33:47	1	-12	-1.6	0	3	1.2	-0.06	0	-0.059	0.043	0.19	0.55	12.4	-0.059	0.0094	0.15	-0.03	0.029	0.047	0.031	0.0055	-0.0078	5.09	0.16	0.16	0.3	0.21	0.21	0.2	0.052	0.052	0.02	0.06	0.06	0.15	0.03	0.03	0.05	0.28	0.28	0.21	0	0	6.28	0.55	31	79	40	68	0.072	0	0	0	0	0	
1395408827217	2014.03.21_17:33:47	1	-19	0.78	0	3	1	-0.041	0	-0.02	0.023	0.19	0.55	12.3	-0.059	0.0063	0.15	-0.03	0.029	0.047	0.068	-0.0086	-0.0078	5.04	0.16	0.16	0.3	0.21	0.21	0.2	0.052	0.052	0.02	0.06	0.06	0.15	0.03	0.03	0.05	0.28	0.28	0.21	0	0	6.28	0.55	33	75	38	72	0.079	0	0	0	0	0	
1395408827267	2014.03.21_17:33:47	1	-19	0.78	0	3	1	-0.041	0	-0.02	0.023	0.19	0.55	12.3	-0.059	0.0063	0.15	-0.03	0.029	0.047	0.068	-0.0086	-0.0078	5.04	0.16	0.16	0.3	0.21	0.21	0.2	0.052	0.052	0.02	0.06	0.06	0.15	0.03	0.03	0.05	0.28	0.28	0.21	0	0	6.28	0.55	33	75	38	72	0.079	0	0	0	0	0	
1395408827317	2014.03.21_17:33:47	1	-11	-2.3	1.6	3	0.87	-0.053	0	-0.039	0.043	0.15	0.55	12.3	-0.059	0.0078	0.15	-0.03	0.029	0.047	0.052	0.0063	-0.047	5.15	0.16	0.16	0.3	0.21	0.21	0.2	0.052	0.052	0.02	0.06	0.06	0.15	0.03	0.03	0.05	0.28	0.28	0.21	0	0	6.28	0.55	34	74	43	67	0.074	0	0	0	0	0	
1395408827367	2014.03.21_17:33:47	1	-11	-2.3	1.6	3	0.87	-0.053	0	-0.039	0.043	0.15	0.55	12.3	-0.059	0.0078	0.15	-0.03	0.029	0.047	0.052	0.0063	-0.047	5.15	0.16	0.16	0.3	0.21	0.21	0.2	0.052	0.052	0.02	0.06	0.06	0.15	0.03	0.03	0.05	0.28	0.28	0.21	0	0	6.28	0.55	34	74	43	67	0.074	0	0	0	0	0	
1395408827417	2014.03.21_17:33:47	1	-12	-0.78	0	3	0.8	-0.041	0	-0.059	0.027	0.2	0.55	12.6	-0.059	0.0063	0.15	-0.03	0.029	0.047	0.032	-0.007	0	5.06	0.16	0.16	0.3	0.21	0.21	0.2	0.052	0.052	0.02	0.06	0.06	0.15	0.03	0.03	0.05	0.28	0.28	0.21	0	0	6.28	0.55	32	80	38	68	0.061	0	0	0	0	0	
1395408827467	2014.03.21_17:33:47	1	-12	-0.78	0	3	0.8	-0.041	0	-0.059	0.027	0.2	0.55	12.6	-0.059	0.0063	0.15	-0.03	0.029	0.047	0.032	-0.007	0	5.06	0.16	0.16	0.3	0.21	0.21	0.2	0.052	0.052	0.02	0.06	0.06	0.15	0.03	0.03	0.05	0.28	0.28	0.21	0	0	6.28	0.55	32	80	38	68	0.061	0	0	0	0	0	
1395408827517	2014.03.21_17:33:47	1	-22	-1.6	-1.6	3	0.64	-0.038	0	-0.0078	0.016	0.22	0.55	12	-0.059	0.0055	0.15	-0.03	0.029	0.047	0.083	-0.016	0.023	5.08	0.16	0.16	0.3	0.21	0.21	0.2	0.052	0.052	0.02	0.06	0.06	0.15	0.03	0.03	0.05	0.28	0.28	0.21	0	0	6.28	0.55	30	77	34	76	0.071	0	0	0	0	0	
1395408827567	2014.03.21_17:33:47	1	-22	-1.6	-1.6	3	0.64	-0.038	0	-0.0078	0.016	0.22	0.55	12	-0.059	0.0055	0.15	-0.03	0.029	0.047	0.083	-0.016	0.023	5.08	0.16	0.16	0.3	0.21	0.21	0.2	0.052	0.052	0.02	0.06	0.06	0.15	0.03	0.03	0.05	0.28	0.28	0.21	0	0	6.28	0.55	30	77	34	76	0.071	0	0	0	0	0	
1395408827617	2014.03.21_17:33:47	1	-14	0	-0.78	3	0.48	-0.046	0	-0.035	0.047	0.2	0.55	12.1	-0.059	0.007	0.15	-0.03	0.029	0.047	0.053	0.012	0.0078	5.19	0.16	0.16	0.3	0.21	0.21	0.2	0.052	0.052	0.02	0.06	0.06	0.15	0.03	0.03	0.05	0.28	0.28	0.21	0	0	6.28	0.55	29	79	39	72	0.077	0	0	0	0	0	
1395408827667	2014.03.21_17:33:47	1	-14	0	-0.78	3	0.48	-0.046	0	-0.035	0.047	0.2	0.55	12.1	-0.059	0.007	0.15	-0.03	0.029	0.047	0.053	0.012	0.0078	5.19	0.16	0.16	0.3	0.21	0.21	0.2	0.052	0.052	0.02	0.06	0.06	0.15	0.03	0.03	0.05	0.28	0.28	0.21	0	0	6.28	0.55	29	79	39	72	0.077	0	0	0	0	0	
1395408827717	2014.03.21_17:33:47	1	-15	0.78	0	3	0.36	-0.045	0	-0.023	0.031	0.19	0.55	12.1	-0.058	0.007	0.15	-0.03	0.029	0.047	0.066	-0.0023	-0.0078	5.21	0.16	0.16	0.3	0.21	0.21	0.2	0.052	0.052	0.02	0.06	0.06	0.15	0.03	0.03	0.05	0.28	0.28	0.21	0	0	6.28	0.55	32	75	39	72	0.061	0	0	0	0	0	
1395408827767	2014.03.21_17:33:47	1	-15	0.78	0	3	0.36	-0.045	0	-0.023	0.031	0.19	0.55	12.1	-0.058	0.007	0.15	-0.03	0.029	0.047	0.066	-0.0023	-0.0078	5.21	0.16	0.16	0.3	0.21	0.21	0.2	0.052	0.052	0.02	0.06	0.06	0.15	0.03	0.03	0.05	0.28	0.28	0.21	0	0	6.28	0.55	32	75	39	72	0.061	0	0	0	0	0	
1395408827817	2014.03.21_17:33:47	1	-13	0	0	3	0.2	-0.034	0	-0.0078	0.031	0.19	0.55	12.2	-0.032	0.0047	0.15	-0.03	0.029	0.047	0.055	-0.0023	-0.0078	5.16	0.16	0.16	0.3	0.21	0.21	0.2	0.052	0.052	0.02	0.06	0.06	0.15	0.03	0.03	0.05	0.28	0.28	0.21	0	0	6.28	0.55	32	74	39	73	0.073	0	0	0	0	0	
1395408827867	2014.03.21_17:33:47	1	-13	0	0	3	0.2	-0.034	0	-0.0078	0.031	0.19	0.55	12.2	-0.032	0.0047	0.15	-0.03	0.029	0.047	0.055	-0.0023	-0.0078	5.16	0.16	0.16	0.3	0.21	0.21	0.2	0.052	0.052	0.02	0.06	0.06	0.15	0.03	0.03	0.05	0.28	0.28	0.21	0	0	6.28	0.55	32	74	39	73	0.073	0	0	0	0	0	
1395408827917	2014.03.21_17:33:47	1	-6.2	-0.78	0	3	0.11	-0.028	0	-0.027	0.031	0.19	0.55	12.1	-0.017	0.0039	0.15	-0.03	0.029	0.047	0.02	-0.0023	-0.0078	5.23	0.16	0.16	0.3	0.21	0.21	0.2	0.052	0.052	0.02	0.06	0.06	0.15	0.03	0.03	0.05	0.28	0.28	0.21	0	0	6.28	0.55	32	76	39	71	0.075	0	0	0	0	0	
1395408827967	2014.03.21_17:33:47	1	-6.2	-0.78	0	3	0.11	-0.028	0	-0.027	0.031	0.19	0.55	12.1	-0.017	0.0039	0.15	-0.03	0.029	0.047	0.02	-0.0023	-0.0078	5.23	0.16	0.16	0.3	0.21	0.21	0.2	0.052	0.052	0.02	0.06	0.06	0.15	0.03	0.03	0.05	0.28	0.28	0.21	0	0	6.28	0.55	32	76	39	71	0.075	0	0	0	0	0	
1395408828017	2014.03.21_17:33:48	1	-8.6	-0.78	0	3	0.067	-0.03	0	-0.012	0.031	0.18	0.55	12.4	-0.011	0.0047	0.15	-0.03	0.029	0.047	0.029	-0.0016	-0.016	5.14	0.16	0.16	0.3	0.21	0.21	0.2	0.052	0.052	0.02	0.06	0.06	0.15	0.03	0.03	0.05	0.28	0.28	0.21	0	0	6.28	0.55	33	74	39	72	0.066	0	0	0	0	0	
1395408828067	2014.03.21_17:33:48	1	-8.6	-0.78	0	3	0.067	-0.03	0	-0.012	0.031	0.18	0.55	12.4	-0.011	0.0047	0.15	-0.03	0.029	0.047	0.029	-0.0016	-0.016	5.14	0.16	0.16	0.3	0.21	0.21	0.2	0.052	0.052	0.02	0.06	0.06	0.15	0.03	0.03	0.05	0.28	0.28	0.21	0	0	6.28	0.55	33	74	39	72	0.066	0	0	0	0	0	
1395408828117	2014.03.21_17:33:48	1	-9.4	0	0	3	-0.053	-0.038	0	0.023	0.039	0.18	0.55	12.4	0.0078	0.0055	0.15	-0.03	0.029	0.047	0.047	0.0047	-0.016	5.17	0.16	0.16	0.3	0.21	0.21	0.2	0.052	0.052	0.02	0.06	0.06	0.15	0.03	0.03	0.05	0.28	0.28	0.21	0	0	6.28	0.55	32	70	40	76	0.076	0	0	0	0	0	
1395408828167	2014.03.21_17:33:48	1	-9.4	0	0	3	-0.053	-0.038	0	0.023	0.039	0.18	0.55	12.4	0.0078	0.0055	0.15	-0.03	0.029	0.047	0.047	0.0047	-0.016	5.17	0.16	0.16	0.3	0.21	0.21	0.2	0.052	0.052	0.02	0.06	0.06	0.15	0.03	0.03	0.05	0.28	0.28	0.21	0	0	6.28	0.55	32	70	40	76	0.076	0	0	0	0	0	
1395408828217	2014.03.21_17:33:48	1	3.1	-1.6	0	3	-0.075	-0.042	0	-0.031	0.039	0.19	0.55	12.1	0.012	0.0063	0.15	-0.027	0.029	0.047	-0.015	0.0039	-0.0078	5.34	0.16	0.16	0.3	0.21	0.21	0.2	0.052	0.052	0.02	0.06	0.06	0.15	0.03	0.03	0.05	0.28	0.28	0.21	0	0	6.28	0.55	31	76	40	71	0.081	0	0	0	0	0	
1395408828267	2014.03.21_17:33:48	1	3.1	-1.6	0	3	-0.075	-0.042	0	-0.031	0.039	0.19	0.55	12.1	0.012	0.0063	0.15	-0.027	0.029	0.047	-0.015	0.0039	-0.0078	5.34	0.16	0.16	0.3	0.21	0.21	0.2	0.052	0.052	0.02	0.06	0.06	0.15	0.03	0.03	0.05	0.28	0.28	0.21	0	0	6.28	0.55	31	76	40	71	0.081	0	0	0	0	0	
1395408828317	2014.03.21_17:33:48	1	-4.7	0	-1.6	3	-0.067	-0.047	0	-0.0078	0.035	0.21	0.55	12.3	0.01	0.007	0.15	-0.027	0.029	0.047	0.007	0.00078	0.016	5.29	0.16	0.16	0.3	0.21	0.21	0.2	0.052	0.052	0.02	0.06	0.06	0.15	0.03	0.03	0.05	0.28	0.28	0.21	0	0	6.28	0.55	29	76	37	75	0.07	0	0	0	0	0	
1395408828367	2014.03.21_17:33:48	1	-4.7	0	-1.6	3	-0.067	-0.047	0	-0.0078	0.035	0.21	0.55	12.3	0.01	0.007	0.15	-0.027	0.029	0.047	0.007	0.00078	0.016	5.29	0.16	0.16	0.3	0.21	0.21	0.2	0.052	0.052	0.02	0.06	0.06	0.15	0.03	0.03	0.05	0.28	0.28	0.21	0	0	6.28	0.55	29	76	37	75	0.07	0	0	0	0	0	
1395408828417	2014.03.21_17:33:48	1	-7.8	-0.78	0	3	-0.13	-0.045	0	0.027	0.031	0.2	0.55	12.3	0.021	0.007	0.15	-0.024	0.029	0.047	0.03	-0.0047	0	5.32	0.16	0.16	0.3	0.21	0.21	0.2	0.052	0.052	0.02	0.06	0.06	0.15	0.03	0.03	0.05	0.28	0.28	0.21	0	0	6.28	0.55	32	71	38	77	0.078	0	0	0	0	0	
1395408828467	2014.03.21_17:33:48	1	-7.8	-0.78	0	3	-0.13	-0.045	0	0.027	0.031	0.2	0.55	12.3	0.021	0.007	0.15	-0.024	0.029	0.047	0.03	-0.0047	0	5.32	0.16	0.16	0.3	0.21	0.21	0.2	0.052	0.052	0.02	0.06	0.06	0.15	0.03	0.03	0.05	0.28	0.28	0.21	0	0	6.28	0.55	32	71	38	77	0.078	0	0	0	0	0	
1395408828517	2014.03.21_17:33:48	1	4.7	-1.6	0	3	-0.15	-0.043	0	-0.0078	0.031	0.18	0.55	12.3	0.023	0.0063	0.15	-0.021	0.029	0.047	-0.0086	-0.0023	-0.016	5.37	0.16	0.16	0.3	0.21	0.21	0.2	0.052	0.052	0.02	0.06	0.06	0.15	0.03	0.03	0.05	0.28	0.28	0.21	0	0	6.28	0.55	33	73	40	72	0.078	0	0	0	0	0	
1395408828567	2014.03.21_17:33:48	1	4.7	-1.6	0	3	-0.15	-0.043	0	-0.0078	0.031	0.18	0.55	12.3	0.023	0.0063	0.15	-0.021	0.029	0.047	-0.0086	-0.0023	-0.016	5.37	0.16	0.16	0.3	0.21	0.21	0.2	0.052	0.052	0.02	0.06	0.06	0.15	0.03	0.03	0.05	0.28	0.28	0.21	0	0	6.28	0.55	33	73	40	72	0.078	0	0	0	0	0	
1395408828617	2014.03.21_17:33:48	1	3.9	-0.78	-0.78	3	-0.13	-0.047	0	-0.012	0.031	0.2	0.55	12.1	0.021	0.007	0.15	-0.019	0.029	0.047	-0.013	-0.0023	0	5.35	0.16	0.16	0.3	0.21	0.21	0.2	0.052	0.052	0.02	0.06	0.06	0.15	0.03	0.03	0.05	0.28	0.28	0.21	0	0	6.28	0.55	31	75	38	74	0.073	0	0	0	0	0	
1395408828667	2014.03.21_17:33:48	1	3.9	-0.78	-0.78	3	-0.13	-0.047	0	-0.012	0.031	0.2	0.55	12.1	0.021	0.007	0.15	-0.019	0.029	0.047	-0.013	-0.0023	0	5.35	0.16	0.16	0.3	0.21	0.21	0.2	0.052	0.052	0.02	0.06	0.06	0.15	0.03	0.03	0.05	0.28	0.28	0.21	0	0	6.28	0.55	31	75	38	74	0.073	0	0	0	0	0	
1395408828717	2014.03.21_17:33:48	1	0	0	-0.78	3	-0.11	-0.047	0	-0.012	0.035	0.2	0.55	12.4	0.016	0.007	0.15	-0.016	0.029	0.047	-0.01	-0.0016	0	5.39	0.16	0.16	0.3	0.21	0.21	0.2	0.052	0.052	0.02	0.06	0.06	0.15	0.03	0.03	0.05	0.28	0.28	0.21	0	0	6.28	0.55	31	75	38	74	0.076	0	0	0	0	0	
1395408828767	2014.03.21_17:33:48	1	0	0	-0.78	3	-0.11	-0.047	0	-0.012	0.035	0.2	0.55	12.4	0.016	0.007	0.15	-0.016	0.029	0.047	-0.01	-0.0016	0	5.39	0.16	0.16	0.3	0.21	0.21	0.2	0.052	0.052	0.02	0.06	0.06	0.15	0.03	0.03	0.05	0.28	0.28	0.21	0	0	6.28	0.55	31	75	38	74	0.076	0	0	0	0	0	
1395408828817	2014.03.21_17:33:48	1	-3.1	0	0	3	-0.12	-0.046	0	0.02	0.039	0.2	0.55	12.6	0.018	0.007	0.15	-0.013	0.029	0.047	0.015	0.0023	0	5.41	0.16	0.16	0.3	0.21	0.21	0.2	0.052	0.052	0.02	0.06	0.06	0.15	0.03	0.03	0.05	0.28	0.28	0.21	0	0	6.28	0.55	31	72	39	76	0.075	0	0	0	0	0	
1395408828867	2014.03.21_17:33:48	1	-3.1	0	0	3	-0.12	-0.046	0	0.02	0.039	0.2	0.55	12.6	0.018	0.007	0.15	-0.013	0.029	0.047	0.015	0.0023	0	5.41	0.16	0.16	0.3	0.21	0.21	0.2	0.052	0.052	0.02	0.06	0.06	0.15	0.03	0.03	0.05	0.28	0.28	0.21	0	0	6.28	0.55	31	72	39	76	0.075	0	0	0	0	0	
1395408828917	2014.03.21_17:33:48	1	0.78	-1.6	-1.6	3	-0.13	-0.045	0	0	0.035	0.21	0.55	12.3	0.02	0.007	0.15	-0.011	0.029	0.047	-0.0094	-0.00078	0.016	5.37	0.16	0.16	0.3	0.21	0.21	0.2	0.052	0.052	0.02	0.06	0.06	0.15	0.03	0.03	0.05	0.28	0.28	0.21	0	0	6.28	0.55	30	76	37	76	0.067	0	0	0	0	0	
1395408828967	2014.03.21_17:33:48	1	0.78	-1.6	-1.6	3	-0.13	-0.045	0	0	0.035	0.21	0.55	12.3	0.02	0.007	0.15	-0.011	0.029	0.047	-0.0094	-0.00078	0.016	5.37	0.16	0.16	0.3	0.21	0.21	0.2	0.052	0.052	0.02	0.06	0.06	0.15	0.03	0.03	0.05	0.28	0.28	0.21	0	0	6.28	0.55	30	76	37	76	0.067	0	0	0	0	0	
1395408829017	2014.03.21_17:33:49	1	2.3	-0.78	-0.78	3	-0.096	-0.047	0	-0.012	0.035	0.2	0.55	12.1	0.015	0.007	0.15	-0.0086	0.029	0.047	-0.018	-0.00078	0.0078	5.36	0.16	0.16	0.3	0.21	0.21	0.2	0.052	0.052	0.02	0.06	0.06	0.15	0.03	0.03	0.05	0.28	0.28	0.21	0	0	6.28	0.55	30	76	37	74	0.072	0	0	0	0	0	
1395408829067	2014.03.21_17:33:49	1	2.3	-0.78	-0.78	3	-0.096	-0.047	0	-0.012	0.035	0.2	0.55	12.1	0.015	0.007	0.15	-0.0086	0.029	0.047	-0.018	-0.00078	0.0078	5.36	0.16	0.16	0.3	0.21	0.21	0.2	0.052	0.052	0.02	0.06	0.06	0.15	0.03	0.03	0.05	0.28	0.28	0.21	0	0	6.28	0.55	30	76	37	74	0.072	0	0	0	0	0	
1395408829117	2014.03.21_17:33:49	1	-1.6	0	0	3	-0.077	-0.047	0	0.0078	0.039	0.19	0.55	12.2	0.012	0.007	0.15	-0.007	0.029	0.047	0.0023	0.0047	-0.0078	5.35	0.16	0.16	0.3	0.21	0.21	0.2	0.052	0.052	0.02	0.06	0.06	0.15	0.03	0.03	0.05	0.28	0.28	0.21	0	0	6.28	0.55	31	73	40	74	0.078	0	0	0	0	0	
1395408829167	2014.03.21_17:33:49	1	-1.6	0	0	3	-0.077	-0.047	0	0.0078	0.039	0.19	0.55	12.2	0.012	0.007	0.15	-0.007	0.029	0.047	0.0023	0.0047	-0.0078	5.35	0.16	0.16	0.3	0.21	0.21	0.2	0.052	0.052	0.02	0.06	0.06	0.15	0.03	0.03	0.05	0.28	0.28	0.21	0	0	6.28	0.55	31	73	40	74	0.078	0	0	0	0	0	
1395408829217	2014.03.21_17:33:49	1	-1.6	0	0	3	-0.088	-0.048	0	0.016	0.043	0.2	0.55	12.3	0.013	0.007	0.15	-0.0055	0.029	0.047	0.007	0.007	0	5.31	0.16	0.16	0.3	0.21	0.21	0.2	0.052	0.052	0.02	0.06	0.06	0.15	0.03	0.03	0.05	0.28	0.28	0.21	0	0	6.28	0.55	31	72	39	76	0.075	0	0	0	0	0	
1395408829267	2014.03.21_17:33:49	1	-1.6	0	0	3	-0.088	-0.048	0	0.016	0.043	0.2	0.55	12.3	0.013	0.007	0.15	-0.0055	0.029	0.047	0.007	0.007	0	5.31	0.16	0.16	0.3	0.21	0.21	0.2	0.052	0.052	0.02	0.06	0.06	0.15	0.03	0.03	0.05	0.28	0.28	0.21	0	0	6.28	0.55	31	72	39	76	0.075	0	0	0	0	0	
1395408829317	2014.03.21_17:33:49	1	1.6	-0.78	-0.78	3	-0.071	-0.05	0	-0.012	0.035	0.2	0.55	12.1	0.011	0.0078	0.15	-0.0039	0.029	0.047	-0.016	-0.0023	0.0078	5.16	0.16	0.16	0.3	0.21	0.21	0.2	0.052	0.052	0.02	0.06	0.06	0.15	0.03	0.03	0.05	0.28	0.28	0.21	0	0	6.28	0.55	30	76	37	74	0.078	0	0	0	0	0	
1395408829367	2014.03.21_17:33:49	1	1.6	-0.78	-0.78	3	-0.071	-0.05	0	-0.012	0.035	0.2	0.55	12.1	0.011	0.0078	0.15	-0.0039	0.029	0.047	-0.016	-0.0023	0.0078	5.16	0.16	0.16	0.3	0.21	0.21	0.2	0.052	0.052	0.02	0.06	0.06	0.15	0.03	0.03	0.05	0.28	0.28	0.21	0	0	6.28	0.55	30	76	37	74	0.078	0	0	0	0	0	
1395408829417	2014.03.21_17:33:49	1	-0.78	0.78	0	3	-0.045	-0.056	0	0.0039	0.043	0.2	0.55	12.5	0.007	0.0086	0.15	-0.0031	0.029	0.047	-0.0016	0.0055	0	5.31	0.16	0.16	0.3	0.21	0.21	0.2	0.052	0.052	0.02	0.06	0.06	0.15	0.03	0.03	0.05	0.28	0.28	0.21	0	0	6.28	0.55	31	74	39	74	0.077	0	0	0	0	0	
1395408829467	2014.03.21_17:33:49	1	-0.78	0.78	0	3	-0.045	-0.056	0	0.0039	0.043	0.2	0.55	12.5	0.007	0.0086	0.15	-0.0031	0.029	0.047	-0.0016	0.0055	0	5.31	0.16	0.16	0.3	0.21	0.21	0.2	0.052	0.052	0.02	0.06	0.06	0.15	0.03	0.03	0.05	0.28	0.28	0.21	0	0	6.28	0.55	31	74	39	74	0.077	0	0	0	0	0	
1395408829517	2014.03.21_17:33:49	1	-0.78	-1.6	0	3	-0.057	-0.056	0	0.0078	0.031	0.2	0.55	12.2	0.0086	0.0086	0.15	-0.0016	0.029	0.047	0.0031	-0.0047	0	5.33	0.16	0.16	0.3	0.21	0.21	0.2	0.052	0.052	0.02	0.06	0.06	0.15	0.03	0.03	0.05	0.28	0.28	0.21	0	0	6.28	0.55	32	73	38	75	0.065	0	0	0	0	0	
1395408829567	2014.03.21_17:33:49	1	-0.78	-1.6	0	3	-0.057	-0.056	0	0.0078	0.031	0.2	0.55	12.2	0.0086	0.0086	0.15	-0.0016	0.029	0.047	0.0031	-0.0047	0	5.33	0.16	0.16	0.3	0.21	0.21	0.2	0.052	0.052	0.02	0.06	0.06	0.15	0.03	0.03	0.05	0.28	0.28	0.21	0	0	6.28	0.55	32	73	38	75	0.065	0	0	0	0	0	
1395408829617	2014.03.21_17:33:49	1	2.3	-1.6	-0.78	3	-0.049	-0.063	0	-0.0078	0.035	0.2	0.55	12	0.007	0.0094	0.15	-0.00078	0.029	0.047	-0.014	-0.0031	0	5.32	0.16	0.16	0.3	0.21	0.21	0.2	0.052	0.052	0.02	0.06	0.06	0.15	0.03	0.03	0.05	0.28	0.28	0.21	0	0	6.28	0.55	31	75	38	74	0.075	0	0	0	0	0	
1395408829667	2014.03.21_17:33:49	1	2.3	-1.6	-0.78	3	-0.049	-0.063	0	-0.0078	0.035	0.2	0.55	12	0.007	0.0094	0.15	-0.00078	0.029	0.047	-0.014	-0.0031	0	5.32	0.16	0.16	0.3	0.21	0.21	0.2	0.052	0.052	0.02	0.06	0.06	0.15	0.03	0.03	0.05	0.28	0.28	0.21	0	0	6.28	0.55	31	75	38	74	0.075	0	0	0	0	0	
1395408829717	2014.03.21_17:33:49	1	1.6	0	-0.78	3	-0.017	-0.072	0	-0.0039	0.047	0.2	0.55	12	0.0023	0.011	0.15	0	0.029	0.047	-0.0047	0.007	0	5.35	0.16	0.16	0.3	0.21	0.21	0.2	0.052	0.052	0.02	0.06	0.06	0.15	0.03	0.03	0.05	0.28	0.28	0.21	0	0	6.28	0.55	30	75	39	74	0.067	0	0	0	0	0	
1395408829767	2014.03.21_17:33:49	1	1.6	0	-0.78	3	-0.017	-0.072	0	-0.0039	0.047	0.2	0.55	12	0.0023	0.011	0.15	0	0.029	0.047	-0.0047	0.007	0	5.35	0.16	0.16	0.3	0.21	0.21	0.2	0.052	0.052	0.02	0.06	0.06	0.15	0.03	0.03	0.05	0.28	0.28	0.21	0	0	6.28	0.55	30	75	39	74	0.067	0	0	0	0	0	
1395408829910	2014.03.21_17:33:49	1	-1.6	-1.6	0	3	-0.013	-0.071	0	0	0.035	0.2	0.55	12.2	0.0016	0.011	0.15	0	0.029	0.047	-0.00078	-0.0047	0	5.36	0.16	0.16	0.3	0.21	0.21	0.2	0.052	0.052	0.02	0.06	0.06	0.15	0.03	0.03	0.05	0.28	0.28	0.21	0	0	6.28	0.55	31	74	39	74	0.189	0	0	0	0	0	
1395408829960	2014.03.21_17:33:49	1	-1.6	-1.6	0	3	-0.013	-0.071	0	0	0.035	0.2	0.55	12.2	0.0016	0.011	0.15	0	0.029	0.047	-0.00078	-0.0047	0	5.36	0.16	0.16	0.3	0.21	0.21	0.2	0.052	0.052	0.02	0.06	0.06	0.15	0.03	0.03	0.05	0.28	0.28	0.21	0	0	6.28	0.55	31	74	39	74	0.189	0.001	0	0	0	0	
1395408830008	2014.03.21_17:33:50	1	1.6	-1.6	0	3	-0.018	-0.067	0	0	0.035	0.2	0.55	12.3	0.0023	0.01	0.15	0.00078	0.029	0.047	-0.0023	-0.0039	0	5.32	0.16	0.16	0.3	0.21	0.21	0.2	0.052	0.052	0.02	0.06	0.06	0.15	0.03	0.03	0.05	0.28	0.28	0.21	0	0	6.28	0.55	31	74	39	74	0.069	0.001	0	0	0	0	
1395408830058	2014.03.21_17:33:50	1	1.6	-1.6	0	3	-0.018	-0.067	0	0	0.035	0.2	0.55	12.3	0.0023	0.01	0.15	0.00078	0.029	0.047	-0.0023	-0.0039	0	5.32	0.16	0.16	0.3	0.21	0.21	0.2	0.052	0.052	0.02	0.06	0.06	0.15	0.03	0.03	0.05	0.28	0.28	0.21	0	0	6.28	0.55	31	74	39	74	0.069	0	0	0	0	0	
1395408830108	2014.03.21_17:33:50	1	3.1	0	-0.78	3	-0.0058	-0.063	0	-0.0039	0.039	0.2	0.55	12.3	0.00078	0.0094	0.15	0.00078	0.029	0.047	-0.0055	0.00078	0.0078	5.36	0.16	0.16	0.3	0.21	0.21	0.2	0.052	0.052	0.02	0.06	0.06	0.15	0.03	0.03	0.05	0.28	0.28	0.21	0	0	6.28	0.55	30	75	38	75	0.072	0	0	0	0	0	
1395408830160	2014.03.21_17:33:50	1	3.1	0	-0.78	3	-0.0058	-0.063	0	-0.0039	0.039	0.2	0.55	12.3	0.00078	0.0094	0.15	0.00078	0.029	0.047	-0.0055	0.00078	0.0078	5.36	0.16	0.16	0.3	0.21	0.21	0.2	0.052	0.052	0.02	0.06	0.06	0.15	0.03	0.03	0.05	0.28	0.28	0.21	0	0	6.28	0.55	30	75	38	75	0.072	0	0	0	0	0	
1395408830208	2014.03.21_17:33:50	1	2.3	-1.6	0	3	0.013	-0.058	0	-0.0078	0.035	0.2	0.55	12.2	-0.0023	0.0086	0.15	0.00078	0.029	0.047	-0.0063	-0.0023	0	5.34	0.16	0.16	0.3	0.21	0.21	0.2	0.052	0.052	0.02	0.06	0.06	0.15	0.03	0.03	0.05	0.28	0.28	0.21	0	0	6.28	0.55	31	75	39	73	0.08	0	0	0	0	0	
1395408830258	2014.03.21_17:33:50	1	2.3	-1.6	0	3	0.013	-0.058	0	-0.0078	0.035	0.2	0.55	12.2	-0.0023	0.0086	0.15	0.00078	0.029	0.047	-0.0063	-0.0023	0	5.34	0.16	0.16	0.3	0.21	0.21	0.2	0.052	0.052	0.02	0.06	0.06	0.15	0.03	0.03	0.05	0.28	0.28	0.21	0	0	6.28	0.55	31	75	39	73	0.08	0	0	0	0	0	
1395408830308	2014.03.21_17:33:50	1	0.78	-0.78	0	3	0.025	-0.055	0	-0.0078	0.039	0.2	0.55	12.2	-0.0047	0.0086	0.15	0.00078	0.029	0.047	-0.0031	0.00078	0	5.37	0.16	0.16	0.3	0.21	0.21	0.2	0.052	0.052	0.02	0.06	0.06	0.15	0.03	0.03	0.05	0.28	0.28	0.21	0	0	6.28	0.55	31	75	39	73	0.074	0	0	0	0	0	
1395408830360	2014.03.21_17:33:50	1	0.78	-0.78	0	3	0.025	-0.055	0	-0.0078	0.039	0.2	0.55	12.2	-0.0047	0.0086	0.15	0.00078	0.029	0.047	-0.0031	0.00078	0	5.37	0.16	0.16	0.3	0.21	0.21	0.2	0.052	0.052	0.02	0.06	0.06	0.15	0.03	0.03	0.05	0.28	0.28	0.21	0	0	6.28	0.55	31	75	39	73	0.074	0	0	0	0	0	
1395408830408	2014.03.21_17:33:50	1	-1.6	-0.78	0	3	0.041	-0.055	0	-0.02	0.035	0.2	0.55	12.2	-0.007	0.0086	0.15	0	0.029	0.047	-0.012	-0.0031	0	5.32	0.16	0.16	0.3	0.21	0.21	0.2	0.052	0.052	0.02	0.06	0.06	0.15	0.03	0.03	0.05	0.28	0.28	0.21	0	0	6.28	0.55	31	76	39	72	0.08	0	0	0	0	0	
1395408830458	2014.03.21_17:33:50	1	-1.6	-0.78	0	3	0.041	-0.055	0	-0.02	0.035	0.2	0.55	12.2	-0.007	0.0086	0.15	0	0.029	0.047	-0.012	-0.0031	0	5.32	0.16	0.16	0.3	0.21	0.21	0.2	0.052	0.052	0.02	0.06	0.06	0.15	0.03	0.03	0.05	0.28	0.28	0.21	0	0	6.28	0.55	31	76	39	72	0.08	0	0	0	0	0	
1395408830509	2014.03.21_17:33:50	1	-4.7	0.78	-0.78	3	0.043	-0.058	0	-0.0039	0.039	0.2	0.55	12.3	-0.007	0.0086	0.15	-0.00078	0.029	0.047	0.0063	0.0023	0.0078	5.29	0.16	0.16	0.3	0.21	0.21	0.2	0.052	0.052	0.02	0.06	0.06	0.15	0.03	0.03	0.05	0.28	0.28	0.21	0	0	6.28	0.55	30	75	38	75	0.066	0	0	0	0	0	
1395408830560	2014.03.21_17:33:50	1	-4.7	0.78	-0.78	3	0.043	-0.058	0	-0.0039	0.039	0.2	0.55	12.3	-0.007	0.0086	0.15	-0.00078	0.029	0.047	0.0063	0.0023	0.0078	5.29	0.16	0.16	0.3	0.21	0.21	0.2	0.052	0.052	0.02	0.06	0.06	0.15	0.03	0.03	0.05	0.28	0.28	0.21	0	0	6.28	0.55	30	75	38	75	0.066	0.008	0	0	0	0	
1395408830608	2014.03.21_17:33:50	1	-3.1	-0.78	0	3	-0.00092	-0.06	0	0.016	0.035	0.2	0.55	12.3	0	0.0094	0.15	-0.0016	0.029	0.047	0.02	-0.00078	0	5.21	0.16	0.16	0.3	0.21	0.21	0.2	0.052	0.052	0.02	0.06	0.06	0.15	0.03	0.03	0.05	0.28	0.28	0.21	0	0	6.28	0.55	31	72	39	76	0.059	0.008	0	0	0	0	
1395408830658	2014.03.21_17:33:50	1	-3.1	-0.78	0	3	-0.00092	-0.06	0	0.016	0.035	0.2	0.55	12.3	0	0.0094	0.15	-0.0016	0.029	0.047	0.02	-0.00078	0	5.21	0.16	0.16	0.3	0.21	0.21	0.2	0.052	0.052	0.02	0.06	0.06	0.15	0.03	0.03	0.05	0.28	0.28	0.21	0	0	6.28	0.55	31	72	39	76	0.059	0	0	0	0	0	
1395408830708	2014.03.21_17:33:50	1	3.9	-0.78	0	3	0.0034	-0.063	0	-0.02	0.039	0.19	0.55	12.1	-0.00078	0.0094	0.15	-0.0016	0.029	0.047	-0.016	0.0023	-0.0078	5.21	0.16	0.16	0.3	0.21	0.21	0.2	0.052	0.052	0.02	0.06	0.06	0.15	0.03	0.03	0.05	0.28	0.28	0.21	0	0	6.28	0.55	31	75	40	72	0.066	0	0	0	0	0	
1395408830758	2014.03.21_17:33:50	1	3.9	-0.78	0	3	0.0034	-0.063	0	-0.02	0.039	0.19	0.55	12.1	-0.00078	0.0094	0.15	-0.0016	0.029	0.047	-0.016	0.0023	-0.0078	5.21	0.16	0.16	0.3	0.21	0.21	0.2	0.052	0.052	0.02	0.06	0.06	0.15	0.03	0.03	0.05	0.28	0.28	0.21	0	0	6.28	0.55	31	75	40	72	0.066	0	0	0	0	0	
1395408830811	2014.03.21_17:33:50	1	0.78	0	-0.78	3	0.05	-0.068	0	-0.023	0.039	0.2	0.55	12.3	-0.0086	0.01	0.15	-0.0023	0.029	0.047	-0.013	0.0023	0.0078	5.33	0.16	0.16	0.3	0.21	0.21	0.2	0.052	0.052	0.02	0.06	0.06	0.15	0.03	0.03	0.05	0.28	0.28	0.21	0	0	6.28	0.55	30	77	38	73	0.065	0	0	0	0	0	
1395408830860	2014.03.21_17:33:50	1	0.78	0	-0.78	3	0.05	-0.068	0	-0.023	0.039	0.2	0.55	12.3	-0.0086	0.01	0.15	-0.0023	0.029	0.047	-0.013	0.0023	0.0078	5.33	0.16	0.16	0.3	0.21	0.21	0.2	0.052	0.052	0.02	0.06	0.06	0.15	0.03	0.03	0.05	0.28	0.28	0.21	0	0	6.28	0.55	30	77	38	73	0.065	0	0	0	0	0	
1395408830909	2014.03.21_17:33:50	1	-5.5	0	0	3	0.042	-0.069	0	0	0.039	0.2	0.55	12	-0.007	0.011	0.15	-0.0031	0.029	0.047	0.0094	0	0	5.25	0.16	0.16	0.3	0.21	0.21	0.2	0.052	0.052	0.02	0.06	0.06	0.15	0.03	0.03	0.05	0.28	0.28	0.21	0	0	6.28	0.55	31	74	39	74	0.076	0	0	0	0	0	
1395408830959	2014.03.21_17:33:50	1	-5.5	0	0	3	0.042	-0.069	0	0	0.039	0.2	0.55	12	-0.007	0.011	0.15	-0.0031	0.029	0.047	0.0094	0	0	5.25	0.16	0.16	0.3	0.21	0.21	0.2	0.052	0.052	0.02	0.06	0.06	0.15	0.03	0.03	0.05	0.28	0.28	0.21	0	0	6.28	0.55	31	74	39	74	0.076	0	0	0	0	0	
1395408831010	2014.03.21_17:33:51	1	-1.6	-1.6	0	3	0.0027	-0.061	0	0.0078	0.031	0.2	0.55	12.1	-0.00078	0.0094	0.15	-0.0031	0.029	0.047	0.011	-0.0047	0	5.2	0.16	0.16	0.3	0.21	0.21	0.2	0.052	0.052	0.02	0.06	0.06	0.15	0.03	0.03	0.05	0.28	0.28	0.21	0	0	6.28	0.55	31	73	38	75	0.077	0	0	0	0	0	
1395408831058	2014.03.21_17:33:51	1	-1.6	-1.6	0	3	0.0027	-0.061	0	0.0078	0.031	0.2	0.55	12.1	-0.00078	0.0094	0.15	-0.0031	0.029	0.047	0.011	-0.0047	0	5.2	0.16	0.16	0.3	0.21	0.21	0.2	0.052	0.052	0.02	0.06	0.06	0.15	0.03	0.03	0.05	0.28	0.28	0.21	0	0	6.28	0.55	31	73	38	75	0.077	0	0	0	0	0	
1395408831108	2014.03.21_17:33:51	1	3.1	0	-0.78	3	0.0021	-0.059	0	-0.012	0.043	0.2	0.55	12.2	-0.00078	0.0094	0.15	-0.0031	0.029	0.047	-0.007	0.0063	0	5.36	0.16	0.16	0.3	0.21	0.21	0.2	0.052	0.052	0.02	0.06	0.06	0.15	0.03	0.03	0.05	0.28	0.28	0.21	0	0	6.28	0.55	30	76	39	74	0.066	0	0	0	0	0	
1395408831158	2014.03.21_17:33:51	1	3.1	0	-0.78	3	0.0021	-0.059	0	-0.012	0.043	0.2	0.55	12.2	-0.00078	0.0094	0.15	-0.0031	0.029	0.047	-0.007	0.0063	0	5.36	0.16	0.16	0.3	0.21	0.21	0.2	0.052	0.052	0.02	0.06	0.06	0.15	0.03	0.03	0.05	0.28	0.28	0.21	0	0	6.28	0.55	30	76	39	74	0.066	0	0	0	0	0	
1395408831210	2014.03.21_17:33:51	1	1.6	0.78	-0.78	3	0.022	-0.06	0	-0.016	0.043	0.2	0.55	12.2	-0.0039	0.0094	0.15	-0.0039	0.029	0.047	-0.0086	0.0039	0	5.4	0.16	0.16	0.3	0.21	0.21	0.2	0.052	0.052	0.02	0.06	0.06	0.15	0.03	0.03	0.05	0.28	0.28	0.21	0	0	6.28	0.55	30	76	39	73	0.065	0	0	0	0	0	
1395408831258	2014.03.21_17:33:51	1	1.6	0.78	-0.78	3	0.022	-0.06	0	-0.016	0.043	0.2	0.55	12.2	-0.0039	0.0094	0.15	-0.0039	0.029	0.047	-0.0086	0.0039	0	5.4	0.16	0.16	0.3	0.21	0.21	0.2	0.052	0.052	0.02	0.06	0.06	0.15	0.03	0.03	0.05	0.28	0.28	0.21	0	0	6.28	0.55	30	76	39	73	0.065	0	0	0	0	0	
1395408831308	2014.03.21_17:33:51	1	-2.3	0	0	3	0.036	-0.058	0	0.078	0.039	0.18	0.55	12.1	-0.0016	0.0086	0.15	-0.0039	0.029	0.047	0.084	0.0016	-0.016	5.29	0.16	0.16	0.3	0.21	0.21	0.2	0.052	0.052	0.02	0.06	0.06	0.15	0.03	0.03	0.05	0.28	0.28	0.21	0	0	6.28	0.55	32	65	40	81	0.055	0	0	0	0	0	
1395408831358	2014.03.21_17:33:51	1	-2.3	0	0	3	0.036	-0.058	0	0.078	0.039	0.18	0.55	12.1	-0.0016	0.0086	0.15	-0.0039	0.029	0.047	0.084	0.0016	-0.016	5.29	0.16	0.16	0.3	0.21	0.21	0.2	0.052	0.052	0.02	0.06	0.06	0.15	0.03	0.03	0.05	0.28	0.28	0.21	0	0	6.28	0.55	32	65	40	81	0.055	0	0	0	0	0	
1395408831410	2014.03.21_17:33:51	1	1.6	-0.78	-0.78	3	0.019	-0.054	0	0.07	0.035	0.2	0.55	12	0.0055	0.0086	0.15	-0.0039	0.029	0.047	0.07	-0.0023	0.0078	5.33	0.16	0.16	0.3	0.21	0.21	0.2	0.052	0.052	0.02	0.06	0.06	0.15	0.03	0.03	0.05	0.28	0.28	0.21	0	0	6.28	0.55	30	68	37	82	0.073	0	0	0	0	0	
1395408831459	2014.03.21_17:33:51	1	1.6	-0.78	-0.78	3	0.019	-0.054	0	0.07	0.035	0.2	0.55	12	0.0055	0.0086	0.15	-0.0039	0.029	0.047	0.07	-0.0023	0.0078	5.33	0.16	0.16	0.3	0.21	0.21	0.2	0.052	0.052	0.02	0.06	0.06	0.15	0.03	0.03	0.05	0.28	0.28	0.21	0	0	6.28	0.55	30	68	37	82	0.073	0	0	0	0	0	
1395408831508	2014.03.21_17:33:51	1	7	-0.78	-0.78	3	0.089	-0.056	0	0.039	0.039	0.2	0.55	12.1	-0.0016	0.0086	0.15	-0.0039	0.029	0.047	0.046	0.00078	0	5.35	0.16	0.16	0.3	0.21	0.21	0.2	0.052	0.052	0.02	0.06	0.06	0.15	0.03	0.03	0.05	0.28	0.28	0.21	0	0	6.28	0.55	30	70	38	79	0.067	0	0	0	0	0	
1395408831558	2014.03.21_17:33:51	1	7	-0.78	-0.78	3	0.089	-0.056	0	0.039	0.039	0.2	0.55	12.1	-0.0016	0.0086	0.15	-0.0039	0.029	0.047	0.046	0.00078	0	5.35	0.16	0.16	0.3	0.21	0.21	0.2	0.052	0.052	0.02	0.06	0.06	0.15	0.03	0.03	0.05	0.28	0.28	0.21	0	0	6.28	0.55	30	70	38	79	0.067	0	0	0	0	0	
1395408831610	2014.03.21_17:33:51	1	0	0	-0.78	3	0.13	-0.059	0	0.062	0.043	0.2	0.55	12.2	-0.0039	0.0086	0.15	-0.0047	0.029	0.047	0.072	0.0047	0	5.16	0.16	0.16	0.3	0.21	0.21	0.2	0.052	0.052	0.02	0.06	0.06	0.15	0.03	0.03	0.05	0.28	0.28	0.21	0	0	6.28	0.55	30	68	39	81	0.068	0	0	0	0	0	
1395408831658	2014.03.21_17:33:51	1	0	0	-0.78	3	0.13	-0.059	0	0.062	0.043	0.2	0.55	12.2	-0.0039	0.0086	0.15	-0.0047	0.029	0.047	0.072	0.0047	0	5.16	0.16	0.16	0.3	0.21	0.21	0.2	0.052	0.052	0.02	0.06	0.06	0.15	0.03	0.03	0.05	0.28	0.28	0.21	0	0	6.28	0.55	30	68	39	81	0.068	0	0	0	0	0	
1395408831709	2014.03.21_17:33:51	1	-0.78	-0.78	0	3	0.13	-0.057	0	0.082	0.035	0.18	0.55	12.4	0.00078	0.0086	0.15	-0.0047	0.029	0.047	0.088	-0.0016	-0.016	5.28	0.16	0.16	0.3	0.21	0.21	0.2	0.052	0.052	0.02	0.06	0.06	0.15	0.03	0.03	0.05	0.28	0.28	0.21	0	0	6.28	0.55	32	64	40	81	0.068	0	0	0	0	0	
1395408831758	2014.03.21_17:33:51	1	-0.78	-0.78	0	3	0.13	-0.057	0	0.082	0.035	0.18	0.55	12.4	0.00078	0.0086	0.15	-0.0047	0.029	0.047	0.088	-0.0016	-0.016	5.28	0.16	0.16	0.3	0.21	0.21	0.2	0.052	0.052	0.02	0.06	0.06	0.15	0.03	0.03	0.05	0.28	0.28	0.21	0	0	6.28	0.55	32	64	40	81	0.068	0.001	0	0	0	0	
1395408831808	2014.03.21_17:33:51	1	4.7	-1.6	0	3	0.13	-0.058	0	0.07	0.039	0.2	0.55	12.3	0.0063	0.0086	0.15	-0.0047	0.029	0.047	0.071	0.00078	0	5.3	0.16	0.16	0.3	0.21	0.21	0.2	0.052	0.052	0.02	0.06	0.06	0.15	0.03	0.03	0.05	0.28	0.28	0.21	0	0	6.28	0.55	31	67	39	81	0.073	0.001	0	0	0	0	
1395408831860	2014.03.21_17:33:51	1	4.7	-1.6	0	3	0.13	-0.058	0	0.07	0.039	0.2	0.55	12.3	0.0063	0.0086	0.15	-0.0047	0.029	0.047	0.071	0.00078	0	5.3	0.16	0.16	0.3	0.21	0.21	0.2	0.052	0.052	0.02	0.06	0.06	0.15	0.03	0.03	0.05	0.28	0.28	0.21	0	0	6.28	0.55	31	67	39	81	0.073	0	0	0	0	0	
1395408831908	2014.03.21_17:33:51	1	8.6	0	-1.6	3	0.19	-0.065	0	0.039	0.043	0.21	0.55	12.2	0	0.01	0.15	-0.0039	0.029	0.047	0.046	0.0031	0.016	5.21	0.16	0.16	0.3	0.21	0.21	0.2	0.052	0.052	0.02	0.06	0.06	0.15	0.03	0.03	0.05	0.28	0.28	0.21	0	0	6.28	0.55	29	71	38	80	0.066	0	0	0	0	0	
1395408831958	2014.03.21_17:33:51	1	8.6	0	-1.6	3	0.19	-0.065	0	0.039	0.043	0.21	0.55	12.2	0	0.01	0.15	-0.0039	0.029	0.047	0.046	0.0031	0.016	5.21	0.16	0.16	0.3	0.21	0.21	0.2	0.052	0.052	0.02	0.06	0.06	0.15	0.03	0.03	0.05	0.28	0.28	0.21	0	0	6.28	0.55	29	71	38	80	0.066	0	0	0	0	0	
1395408832008	2014.03.21_17:33:52	1	2.3	-0.78	-0.78	3	0.24	-0.066	0	0.062	0.035	0.2	0.55	12.5	-0.0031	0.01	0.15	-0.0047	0.029	0.047	0.07	-0.0039	0	5.35	0.16	0.16	0.3	0.21	0.21	0.2	0.052	0.052	0.02	0.06	0.06	0.15	0.03	0.03	0.05	0.28	0.28	0.21	0	0	6.28	0.55	31	68	38	81	0.07	0	0	0	0	0	
1395408832060	2014.03.21_17:33:52	1	2.3	-0.78	-0.78	3	0.24	-0.066	0	0.062	0.035	0.2	0.55	12.5	-0.0031	0.01	0.15	-0.0047	0.029	0.047	0.07	-0.0039	0	5.35	0.16	0.16	0.3	0.21	0.21	0.2	0.052	0.052	0.02	0.06	0.06	0.15	0.03	0.03	0.05	0.28	0.28	0.21	0	0	6.28	0.55	31	68	38	81	0.07	0	0	0	0	0	
1395408832108	2014.03.21_17:33:52	1	1.6	-0.78	-0.78	3	0.27	-0.064	0	0.059	0.035	0.2	0.55	12.2	-0.0031	0.01	0.15	-0.0055	0.029	0.047	0.068	-0.0023	0	5.33	0.16	0.16	0.3	0.21	0.21	0.2	0.052	0.052	0.02	0.06	0.06	0.15	0.03	0.03	0.05	0.28	0.28	0.21	0	0	6.28	0.55	31	69	38	81	0.063	0	0	0	0	0	
1395408832158	2014.03.21_17:33:52	1	1.6	-0.78	-0.78	3	0.27	-0.064	0	0.059	0.035	0.2	0.55	12.2	-0.0031	0.01	0.15	-0.0055	0.029	0.047	0.068	-0.0023	0	5.33	0.16	0.16	0.3	0.21	0.21	0.2	0.052	0.052	0.02	0.06	0.06	0.15	0.03	0.03	0.05	0.28	0.28	0.21	0	0	6.28	0.55	31	69	38	81	0.063	0	0	0	0	0	
1395408832208	2014.03.21_17:33:52	1	2.3	-0.78	-0.78	3	0.29	-0.065	0	0.066	0.035	0.2	0.55	12.3	-0.0016	0.01	0.15	-0.0055	0.029	0.047	0.076	-0.0016	0	5.31	0.16	0.16	0.3	0.21	0.21	0.2	0.052	0.052	0.02	0.06	0.06	0.15	0.03	0.03	0.05	0.28	0.28	0.21	0	0	6.28	0.55	31	68	38	82	0.073	0	0	0	0	0	
1395408832260	2014.03.21_17:33:52	1	2.3	-0.78	-0.78	3	0.29	-0.065	0	0.066	0.035	0.2	0.55	12.3	-0.0016	0.01	0.15	-0.0055	0.029	0.047	0.076	-0.0016	0	5.31	0.16	0.16	0.3	0.21	0.21	0.2	0.052	0.052	0.02	0.06	0.06	0.15	0.03	0.03	0.05	0.28	0.28	0.21	0	0	6.28	0.55	31	68	38	82	0.073	0	0	0	0	0	
1395408832309	2014.03.21_17:33:52	1	3.9	0.78	-0.78	3	0.31	-0.069	0	0.055	0.043	0.2	0.55	12.6	-0.0016	0.011	0.15	-0.0063	0.029	0.047	0.063	0.0047	0	5.35	0.16	0.16	0.3	0.21	0.21	0.2	0.052	0.052	0.02	0.06	0.06	0.15	0.03	0.03	0.05	0.28	0.28	0.21	0	0	6.28	0.55	30	69	39	80	0.069	0	0	0	0	0	
1395408832358	2014.03.21_17:33:52	1	3.9	0.78	-0.78	3	0.31	-0.069	0	0.055	0.043	0.2	0.55	12.6	-0.0016	0.011	0.15	-0.0063	0.029	0.047	0.063	0.0047	0	5.35	0.16	0.16	0.3	0.21	0.21	0.2	0.052	0.052	0.02	0.06	0.06	0.15	0.03	0.03	0.05	0.28	0.28	0.21	0	0	6.28	0.55	30	69	39	80	0.069	0	0	0	0	0	
1395408832408	2014.03.21_17:33:52	1	3.1	0.78	0	3	0.35	-0.066	0	0.051	0.043	0.2	0.55	12.2	-0.0023	0.01	0.15	-0.0063	0.029	0.047	0.062	0.0031	0	5.26	0.16	0.16	0.3	0.21	0.21	0.2	0.052	0.052	0.02	0.06	0.06	0.15	0.03	0.03	0.05	0.28	0.28	0.21	0	0	6.28	0.55	31	69	39	79	0.081	0	0	0	0	0	
1395408832460	2014.03.21_17:33:52	1	3.1	0.78	0	3	0.35	-0.066	0	0.051	0.043	0.2	0.55	12.2	-0.0023	0.01	0.15	-0.0063	0.029	0.047	0.062	0.0031	0	5.26	0.16	0.16	0.3	0.21	0.21	0.2	0.052	0.052	0.02	0.06	0.06	0.15	0.03	0.03	0.05	0.28	0.28	0.21	0	0	6.28	0.55	31	69	39	79	0.081	0	0	0	0	0	
1395408832508	2014.03.21_17:33:52	1	1.6	0	-0.78	3	0.38	-0.064	0	0.059	0.039	0.2	0.55	12.2	-0.0023	0.01	0.15	-0.007	0.029	0.047	0.07	0.00078	0	5.29	0.16	0.16	0.3	0.21	0.21	0.2	0.052	0.052	0.02	0.06	0.06	0.15	0.03	0.03	0.05	0.28	0.28	0.21	0	0	6.28	0.55	30	69	38	81	0.062	0	0	0	0	0	
1395408832558	2014.03.21_17:33:52	1	1.6	0	-0.78	3	0.38	-0.064	0	0.059	0.039	0.2	0.55	12.2	-0.0023	0.01	0.15	-0.007	0.029	0.047	0.07	0.00078	0	5.29	0.16	0.16	0.3	0.21	0.21	0.2	0.052	0.052	0.02	0.06	0.06	0.15	0.03	0.03	0.05	0.28	0.28	0.21	0	0	6.28	0.55	30	69	38	81	0.062	0	0	0	0	0	
1395408832608	2014.03.21_17:33:52	1	0.78	-1.6	-0.78	3	0.4	-0.064	0	0.066	0.031	0.2	0.55	12.3	-0.0016	0.01	0.15	-0.0078	0.029	0.047	0.075	-0.007	0	5.27	0.16	0.16	0.3	0.21	0.21	0.2	0.052	0.052	0.02	0.06	0.06	0.15	0.03	0.03	0.05	0.28	0.28	0.21	0	0	6.28	0.55	31	68	38	81	0.073	0	0	0	0	0	
1395408832658	2014.03.21_17:33:52	1	0.78	-1.6	-0.78	3	0.4	-0.064	0	0.066	0.031	0.2	0.55	12.3	-0.0016	0.01	0.15	-0.0078	0.029	0.047	0.075	-0.007	0	5.27	0.16	0.16	0.3	0.21	0.21	0.2	0.052	0.052	0.02	0.06	0.06	0.15	0.03	0.03	0.05	0.28	0.28	0.21	0	0	6.28	0.55	31	68	38	81	0.073	0	0	0	0	0	
1395408832710	2014.03.21_17:33:52	1	3.1	-1.6	-0.78	3	0.41	-0.067	0	0.059	0.035	0.2	0.55	12.2	0.00078	0.01	0.15	-0.0078	0.029	0.047	0.066	-0.0039	0	5.3	0.16	0.16	0.3	0.21	0.21	0.2	0.052	0.052	0.02	0.06	0.06	0.15	0.03	0.03	0.05	0.28	0.28	0.21	0	0	6.28	0.55	31	69	38	81	0.078	0	0	0	0	0	
1395408832759	2014.03.21_17:33:52	1	3.1	-1.6	-0.78	3	0.41	-0.067	0	0.059	0.035	0.2	0.55	12.2	0.00078	0.01	0.15	-0.0078	0.029	0.047	0.066	-0.0039	0	5.3	0.16	0.16	0.3	0.21	0.21	0.2	0.052	0.052	0.02	0.06	0.06	0.15	0.03	0.03	0.05	0.28	0.28	0.21	0	0	6.28	0.55	31	69	38	81	0.078	0	0	0	0	0	
1395408832808	2014.03.21_17:33:52	1	3.9	0.78	-0.78	3	0.45	-0.07	0	0.055	0.043	0.2	0.55	12	-0.00078	0.011	0.15	-0.0078	0.029	0.047	0.065	0.0023	0.0078	5.22	0.16	0.16	0.3	0.21	0.21	0.2	0.052	0.052	0.02	0.06	0.06	0.15	0.03	0.03	0.05	0.28	0.28	0.21	0	0	6.28	0.55	30	69	38	81	0.076	0	0	0	0	0	
1395408832859	2014.03.21_17:33:52	1	3.9	0.78	-0.78	3	0.45	-0.07	0	0.055	0.043	0.2	0.55	12	-0.00078	0.011	0.15	-0.0078	0.029	0.047	0.065	0.0023	0.0078	5.22	0.16	0.16	0.3	0.21	0.21	0.2	0.052	0.052	0.02	0.06	0.06	0.15	0.03	0.03	0.05	0.28	0.28	0.21	0	0	6.28	0.55	30	69	38	81	0.076	0	0	0	0	0	
1395408832910	2014.03.21_17:33:52	1	1.6	-0.78	0	3	0.47	-0.067	0	0.066	0.035	0.2	0.55	12	0	0.01	0.15	-0.0078	0.029	0.047	0.076	-0.0023	0	5.31	0.16	0.16	0.3	0.21	0.21	0.2	0.052	0.052	0.02	0.06	0.06	0.15	0.03	0.03	0.05	0.28	0.28	0.21	0	0	6.28	0.55	31	67	39	81	0.077	0	0	0	0	0	
1395408832958	2014.03.21_17:33:52	1	1.6	-0.78	0	3	0.47	-0.067	0	0.066	0.035	0.2	0.55	12	0	0.01	0.15	-0.0078	0.029	0.047	0.076	-0.0023	0	5.31	0.16	0.16	0.3	0.21	0.21	0.2	0.052	0.052	0.02	0.06	0.06	0.15	0.03	0.03	0.05	0.28	0.28	0.21	0	0	6.28	0.55	31	67	39	81	0.077	0.001	0	0	0	0	
1395408833009	2014.03.21_17:33:53	1	4.7	-1.6	0	3	0.49	-0.066	0	0.059	0.035	0.2	0.55	12	0.0016	0.01	0.15	-0.0078	0.029	0.047	0.066	-0.0023	0	5.34	0.16	0.16	0.3	0.21	0.21	0.2	0.052	0.052	0.02	0.06	0.06	0.15	0.03	0.03	0.05	0.28	0.28	0.21	0	0	6.28	0.55	31	68	39	80	0.076	0.001	0	0	0	0	
1395408833058	2014.03.21_17:33:53	1	4.7	-1.6	0	3	0.49	-0.066	0	0.059	0.035	0.2	0.55	12	0.0016	0.01	0.15	-0.0078	0.029	0.047	0.066	-0.0023	0	5.34	0.16	0.16	0.3	0.21	0.21	0.2	0.052	0.052	0.02	0.06	0.06	0.15	0.03	0.03	0.05	0.28	0.28	0.21	0	0	6.28	0.55	31	68	39	80	0.076	0.001	0	0	0	0	
1395408833110	2014.03.21_17:33:53	1	3.9	0.78	0	3	0.54	-0.064	0	0.047	0.043	0.2	0.55	12.1	-0.0023	0.01	0.15	-0.0086	0.029	0.047	0.059	0.0031	0	5.26	0.16	0.16	0.3	0.21	0.21	0.2	0.052	0.052	0.02	0.06	0.06	0.15	0.03	0.03	0.05	0.28	0.28	0.21	0	0	6.28	0.55	31	69	39	79	0.076	0.001	0	0	0	0	
1395408833159	2014.03.21_17:33:53	1	3.9	0.78	0	3	0.54	-0.064	0	0.047	0.043	0.2	0.55	12.1	-0.0023	0.01	0.15	-0.0086	0.029	0.047	0.059	0.0031	0	5.26	0.16	0.16	0.3	0.21	0.21	0.2	0.052	0.052	0.02	0.06	0.06	0.15	0.03	0.03	0.05	0.28	0.28	0.21	0	0	6.28	0.55	31	69	39	79	0.076	0	0	0	0	0	
1395408833208	2014.03.21_17:33:53	1	0.78	0	-0.78	3	0.56	-0.061	0	0.062	0.035	0.2	0.55	12	-0.0016	0.0094	0.15	-0.0086	0.029	0.047	0.073	-0.00078	0	5.25	0.16	0.16	0.3	0.21	0.21	0.2	0.052	0.052	0.02	0.06	0.06	0.15	0.03	0.03	0.05	0.28	0.28	0.21	0	0	6.28	0.55	31	68	38	81	0.068	0	0	0	0	0	
1395408833259	2014.03.21_17:33:53	1	0.78	0	-0.78	3	0.56	-0.061	0	0.062	0.035	0.2	0.55	12	-0.0016	0.0094	0.15	-0.0086	0.029	0.047	0.073	-0.00078	0	5.25	0.16	0.16	0.3	0.21	0.21	0.2	0.052	0.052	0.02	0.06	0.06	0.15	0.03	0.03	0.05	0.28	0.28	0.21	0	0	6.28	0.55	31	68	38	81	0.068	0	0	0	0	0	
1395408833310	2014.03.21_17:33:53	1	1.6	0	0	3	0.58	-0.062	0	0.059	0.039	0.2	0.55	12.4	0	0.0094	0.15	-0.0094	0.029	0.047	0.068	0.0031	0	5.27	0.16	0.16	0.3	0.21	0.21	0.2	0.052	0.052	0.02	0.06	0.06	0.15	0.03	0.03	0.05	0.28	0.28	0.21	0	0	6.28	0.55	31	68	39	80	0.058	0	0	0	0	0	
1395408833359	2014.03.21_17:33:53	1	1.6	0	0	3	0.58	-0.062	0	0.059	0.039	0.2	0.55	12.4	0	0.0094	0.15	-0.0094	0.029	0.047	0.068	0.0031	0	5.27	0.16	0.16	0.3	0.21	0.21	0.2	0.052	0.052	0.02	0.06	0.06	0.15	0.03	0.03	0.05	0.28	0.28	0.21	0	0	6.28	0.55	31	68	39	80	0.058	0.001	0	0	0	0	
1395408833408	2014.03.21_17:33:53	1	3.1	-1.6	-0.78	3	0.61	-0.06	0	0.055	0.031	0.2	0.55	12	0	0.0094	0.15	-0.0094	0.029	0.047	0.066	-0.0047	0	5.24	0.16	0.16	0.3	0.21	0.21	0.2	0.052	0.052	0.02	0.06	0.06	0.15	0.03	0.03	0.05	0.28	0.28	0.21	0	0	6.28	0.55	31	69	38	80	0.063	0.001	0	0	0	0	
1395408833459	2014.03.21_17:33:53	1	3.1	-1.6	-0.78	3	0.61	-0.06	0	0.055	0.031	0.2	0.55	12	0	0.0094	0.15	-0.0094	0.029	0.047	0.066	-0.0047	0	5.24	0.16	0.16	0.3	0.21	0.21	0.2	0.052	0.052	0.02	0.06	0.06	0.15	0.03	0.03	0.05	0.28	0.28	0.21	0	0	6.28	0.55	31	69	38	80	0.063	0	0	0	0	0	
1395408833508	2014.03.21_17:33:53	1	3.9	0	-0.78	3	0.65	-0.063	0	0.055	0.043	0.2	0.55	12.1	-0.00078	0.0094	0.15	-0.0094	0.029	0.047	0.065	0.0031	0.0078	5.27	0.16	0.16	0.3	0.21	0.21	0.2	0.052	0.052	0.02	0.06	0.06	0.15	0.03	0.03	0.05	0.28	0.28	0.21	0	0	6.28	0.55	30	70	38	81	0.064	0	0	0	0	0	
1395408833560	2014.03.21_17:33:53	1	3.9	0	-0.78	3	0.65	-0.063	0	0.055	0.043	0.2	0.55	12.1	-0.00078	0.0094	0.15	-0.0094	0.029	0.047	0.065	0.0031	0.0078	5.27	0.16	0.16	0.3	0.21	0.21	0.2	0.052	0.052	0.02	0.06	0.06	0.15	0.03	0.03	0.05	0.28	0.28	0.21	0	0	6.28	0.55	30	70	38	81	0.064	0	0	0	0	0	
1395408833609	2014.03.21_17:33:53	1	3.1	0	-0.78	3	0.67	-0.061	0	0.051	0.039	0.2	0.55	12.3	-0.00078	0.0094	0.15	-0.0094	0.029	0.047	0.063	0.0016	0	5.25	0.16	0.16	0.3	0.21	0.21	0.2	0.052	0.052	0.02	0.06	0.06	0.15	0.03	0.03	0.05	0.28	0.28	0.21	0	0	6.28	0.55	30	69	39	80	0.06	0	0	0	0	0	
1395408833659	2014.03.21_17:33:53	1	3.1	0	-0.78	3	0.67	-0.061	0	0.051	0.039	0.2	0.55	12.3	-0.00078	0.0094	0.15	-0.0094	0.029	0.047	0.063	0.0016	0	5.25	0.16	0.16	0.3	0.21	0.21	0.2	0.052	0.052	0.02	0.06	0.06	0.15	0.03	0.03	0.05	0.28	0.28	0.21	0	0	6.28	0.55	30	69	39	80	0.06	0	0	0	0	0	
1395408833708	2014.03.21_17:33:53	1	3.9	-0.78	-0.78	3	0.72	-0.062	0	0.051	0.039	0.2	0.55	12.3	-0.0031	0.0094	0.15	-0.01	0.029	0.047	0.066	0	0	5.17	0.16	0.16	0.3	0.21	0.21	0.2	0.052	0.052	0.02	0.06	0.06	0.15	0.03	0.03	0.05	0.28	0.28	0.21	0	0	6.28	0.55	30	69	38	80	0.067	0	0	0	0	0	
1395408833760	2014.03.21_17:33:53	1	3.9	-0.78	-0.78	3	0.72	-0.062	0	0.051	0.039	0.2	0.55	12.3	-0.0031	0.0094	0.15	-0.01	0.029	0.047	0.066	0	0	5.17	0.16	0.16	0.3	0.21	0.21	0.2	0.052	0.052	0.02	0.06	0.06	0.15	0.03	0.03	0.05	0.28	0.28	0.21	0	0	6.28	0.55	30	69	38	80	0.067	0	0	0	0	0	
1395408833808	2014.03.21_17:33:53	1	1.6	-0.78	0	3	0.74	-0.06	0	0.059	0.039	0.2	0.55	12.2	-0.0016	0.0094	0.15	-0.011	0.029	0.047	0.073	0.00078	0	5.21	0.16	0.16	0.3	0.21	0.21	0.2	0.052	0.052	0.02	0.06	0.06	0.15	0.03	0.03	0.05	0.28	0.28	0.21	0	0	6.28	0.55	31	68	39	80	0.067	0	0	0	0	0	
1395408833858	2014.03.21_17:33:53	1	1.6	-0.78	0	3	0.74	-0.06	0	0.059	0.039	0.2	0.55	12.2	-0.0016	0.0094	0.15	-0.011	0.029	0.047	0.073	0.00078	0	5.21	0.16	0.16	0.3	0.21	0.21	0.2	0.052	0.052	0.02	0.06	0.06	0.15	0.03	0.03	0.05	0.28	0.28	0.21	0	0	6.28	0.55	31	68	39	80	0.067	0	0	0	0	0	
1395408833909	2014.03.21_17:33:53	1	3.9	-1.6	-0.78	3	0.76	-0.061	0	0.051	0.031	0.2	0.55	12.2	-0.0016	0.0094	0.15	-0.011	0.029	0.047	0.065	-0.0039	0	5.22	0.16	0.16	0.3	0.21	0.21	0.2	0.052	0.052	0.02	0.06	0.06	0.15	0.03	0.03	0.05	0.28	0.28	0.21	0	0	6.28	0.55	31	69	38	80	0.059	0	0	0	0	0	
1395408833960	2014.03.21_17:33:53	1	3.9	-1.6	-0.78	3	0.76	-0.061	0	0.051	0.031	0.2	0.55	12.2	-0.0016	0.0094	0.15	-0.011	0.029	0.047	0.065	-0.0039	0	5.22	0.16	0.16	0.3	0.21	0.21	0.2	0.052	0.052	0.02	0.06	0.06	0.15	0.03	0.03	0.05	0.28	0.28	0.21	0	0	6.28	0.55	31	69	38	80	0.059	0	0	0	0	0	
1395408834008	2014.03.21_17:33:54	1	3.9	0	0	3	0.81	-0.062	0	0.043	0.043	0.2	0.55	12.1	-0.0039	0.0094	0.15	-0.012	0.029	0.047	0.061	0.0055	0	5.13	0.16	0.16	0.3	0.21	0.21	0.2	0.052	0.052	0.02	0.06	0.06	0.15	0.03	0.03	0.05	0.28	0.28	0.21	0	0	6.28	0.55	30	69	39	79	0.063	0	0	0	0	0	
1395408834058	2014.03.21_17:33:54	1	3.9	0	0	3	0.81	-0.062	0	0.043	0.043	0.2	0.55	12.1	-0.0039	0.0094	0.15	-0.012	0.029	0.047	0.061	0.0055	0	5.13	0.16	0.16	0.3	0.21	0.21	0.2	0.052	0.052	0.02	0.06	0.06	0.15	0.03	0.03	0.05	0.28	0.28	0.21	0	0	6.28	0.55	30	69	39	79	0.063	0	0	0	0	0	
1395408834108	2014.03.21_17:33:54	1	1.6	0	0	3	0.84	-0.062	0	-0.02	0.039	0.2	0.55	12.1	-0.0086	0.0094	0.15	-0.013	0.029	0.047	0.0016	0.0031	0	5.17	0.16	0.16	0.3	0.21	0.21	0.2	0.052	0.052	0.02	0.06	0.06	0.15	0.03	0.03	0.05	0.28	0.28	0.21	0	0	6.28	0.55	31	76	39	72	0.064	0	0	0	0	0	
1395408834160	2014.03.21_17:33:54	1	1.6	0	0	3	0.84	-0.062	0	-0.02	0.039	0.2	0.55	12.1	-0.0086	0.0094	0.15	-0.013	0.029	0.047	0.0016	0.0031	0	5.17	0.16	0.16	0.3	0.21	0.21	0.2	0.052	0.052	0.02	0.06	0.06	0.15	0.03	0.03	0.05	0.28	0.28	0.21	0	0	6.28	0.55	31	76	39	72	0.064	0	0	0	0	0	
1395408834209	2014.03.21_17:33:54	1	-1.6	0	-0.78	3	0.85	-0.063	0	-0.027	0.043	0.2	0.55	12	-0.01	0.0094	0.15	-0.014	0.029	0.047	-0.0031	0.0047	0	5.26	0.16	0.16	0.3	0.21	0.21	0.2	0.052	0.052	0.02	0.06	0.06	0.15	0.03	0.03	0.05	0.28	0.28	0.21	0	0	6.28	0.55	30	77	39	72	0.075	0	0	0	0	0	
1395408834258	2014.03.21_17:33:54	1	-1.6	0	-0.78	3	0.85	-0.063	0	-0.027	0.043	0.2	0.55	12	-0.01	0.0094	0.15	-0.014	0.029	0.047	-0.0031	0.0047	0	5.26	0.16	0.16	0.3	0.21	0.21	0.2	0.052	0.052	0.02	0.06	0.06	0.15	0.03	0.03	0.05	0.28	0.28	0.21	0	0	6.28	0.55	30	77	39	72	0.075	0	0	0	0	0	
1395408834308	2014.03.21_17:33:54	1	-1.6	0	0	3	0.83	-0.062	0	-0.02	0.043	0.2	0.55	12.3	-0.0078	0.0094	0.15	-0.015	0.029	0.047	0.0039	0.0047	0	5.17	0.16	0.16	0.3	0.21	0.21	0.2	0.052	0.052	0.02	0.06	0.06	0.15	0.03	0.03	0.05	0.28	0.28	0.21	0	0	6.28	0.55	31	76	39	72	0.08	0	0	0	0	0	
1395408834360	2014.03.21_17:33:54	1	-1.6	0	0	3	0.83	-0.062	0	-0.02	0.043	0.2	0.55	12.3	-0.0078	0.0094	0.15	-0.015	0.029	0.047	0.0039	0.0047	0	5.17	0.16	0.16	0.3	0.21	0.21	0.2	0.052	0.052	0.02	0.06	0.06	0.15	0.03	0.03	0.05	0.28	0.28	0.21	0	0	6.28	0.55	31	76	39	72	0.08	0	0	0	0	0	
1395408834408	2014.03.21_17:33:54	1	1.6	-1.6	0	3	0.84	-0.061	0	-0.027	0.035	0.2	0.55	12.2	-0.0094	0.0094	0.15	-0.016	0.029	0.047	-0.0031	-0.0016	0	5.19	0.16	0.16	0.3	0.21	0.21	0.2	0.052	0.052	0.02	0.06	0.06	0.15	0.03	0.03	0.05	0.28	0.28	0.21	0	0	6.28	0.55	31	77	39	71	0.07	0	0	0	0	0	
1395408834458	2014.03.21_17:33:54	1	1.6	-1.6	0	3	0.84	-0.061	0	-0.027	0.035	0.2	0.55	12.2	-0.0094	0.0094	0.15	-0.016	0.029	0.047	-0.0031	-0.0016	0	5.19	0.16	0.16	0.3	0.21	0.21	0.2	0.052	0.052	0.02	0.06	0.06	0.15	0.03	0.03	0.05	0.28	0.28	0.21	0	0	6.28	0.55	31	77	39	71	0.07	0	0	0	0	0	
1395408834508	2014.03.21_17:33:54	1	0	0	-0.78	3	0.85	-0.063	0	-0.027	0.035	0.2	0.55	12.3	-0.01	0.0094	0.15	-0.017	0.029	0.047	0.0016	-0.0016	0.0078	5.16	0.16	0.16	0.3	0.21	0.21	0.2	0.052	0.052	0.02	0.06	0.06	0.15	0.03	0.03	0.05	0.28	0.28	0.21	0	0	6.28	0.55	30	78	38	73	0.075	0	0	0	0	0	
1395408834558	2014.03.21_17:33:54	1	0	0	-0.78	3	0.85	-0.063	0	-0.027	0.035	0.2	0.55	12.3	-0.01	0.0094	0.15	-0.017	0.029	0.047	0.0016	-0.0016	0.0078	5.16	0.16	0.16	0.3	0.21	0.21	0.2	0.052	0.052	0.02	0.06	0.06	0.15	0.03	0.03	0.05	0.28	0.28	0.21	0	0	6.28	0.55	30	78	38	73	0.075	0	0	0	0	0	
1395408834610	2014.03.21_17:33:54	1	-3.9	0	0	3	0.84	-0.065	0	-0.29	0.043	0.19	0.55	12.3	-0.023	0.01	0.15	-0.019	0.029	0.047	-0.1	0.0031	-0.0078	5.16	0.16	0.16	0.3	0.21	0.21	0.2	0.052	0.052	0.02	0.06	0.06	0.15	0.03	0.03	0.05	0.28	0.28	0.21	0	0	6.28	0.55	31	100	40	45	0.069	0	0	0	0	0	
1395408834658	2014.03.21_17:33:54	1	-3.9	0	0	3	0.84	-0.065	0	-0.29	0.043	0.19	0.55	12.3	-0.023	0.01	0.15	-0.019	0.029	0.047	-0.1	0.0031	-0.0078	5.16	0.16	0.16	0.3	0.21	0.21	0.2	0.052	0.052	0.02	0.06	0.06	0.15	0.03	0.03	0.05	0.28	0.28	0.21	0	0	6.28	0.55	31	100	40	45	0.069	0	0	0	0	0	
1395408834709	2014.03.21_17:33:54	1	-11	-1.6	-0.78	3	0.8	-0.064	0	-0.35	0.035	0.2	0.55	12.2	-0.044	0.01	0.15	-0.022	0.029	0.047	-0.1	-0.0023	0	5.17	0.16	0.16	0.3	0.21	0.21	0.2	0.052	0.052	0.02	0.06	0.06	0.15	0.03	0.03	0.05	0.28	0.28	0.21	0	0	6.28	0.55	31	100	38	40	0.076	0	0	0	0	0	
1395408834758	2014.03.21_17:33:54	1	-11	-1.6	-0.78	3	0.8	-0.064	0	-0.35	0.035	0.2	0.55	12.2	-0.044	0.01	0.15	-0.022	0.029	0.047	-0.1	-0.0023	0	5.17	0.16	0.16	0.3	0.21	0.21	0.2	0.052	0.052	0.02	0.06	0.06	0.15	0.03	0.03	0.05	0.28	0.28	0.21	0	0	6.28	0.55	31	100	38	40	0.076	0	0	0	0	0	
1395408834811	2014.03.21_17:33:54	1	-19	1.6	-0.78	3	0.69	-0.065	0	-0.36	0.043	0.2	0.55	12.3	-0.055	0.01	0.15	-0.026	0.029	0.047	-0.1	0.0063	0	5.19	0.16	0.16	0.3	0.21	0.21	0.2	0.052	0.052	0.02	0.06	0.06	0.15	0.03	0.03	0.05	0.28	0.28	0.21	0	0	6.28	0.55	30	100	39	39	0.072	0	0	0	0	0	
1395408834858	2014.03.21_17:33:54	1	-19	1.6	-0.78	3	0.69	-0.065	0	-0.36	0.043	0.2	0.55	12.3	-0.055	0.01	0.15	-0.026	0.029	0.047	-0.1	0.0063	0	5.19	0.16	0.16	0.3	0.21	0.21	0.2	0.052	0.052	0.02	0.06	0.06	0.15	0.03	0.03	0.05	0.28	0.28	0.21	0	0	6.28	0.55	30	100	39	39	0.072	0	0	0	0	0	
1395408834908	2014.03.21_17:33:54	1	-21	0	0	3	0.51	-0.063	0	-0.36	0.035	0.19	0.55	12.4	-0.055	0.0094	0.15	-0.03	0.029	0.047	-0.1	-0.0039	-0.0078	5.17	0.16	0.16	0.3	0.21	0.21	0.2	0.052	0.052	0.02	0.06	0.06	0.15	0.03	0.03	0.05	0.28	0.28	0.21	0	0	6.28	0.55	32	100	39	37	0.077	0	0	0	0	0	
1395408834960	2014.03.21_17:33:54	1	-21	0	0	3	0.51	-0.063	0	-0.36	0.035	0.19	0.55	12.4	-0.055	0.0094	0.15	-0.03	0.029	0.047	-0.1	-0.0039	-0.0078	5.17	0.16	0.16	0.3	0.21	0.21	0.2	0.052	0.052	0.02	0.06	0.06	0.15	0.03	0.03	0.05	0.28	0.28	0.21	0	0	6.28	0.55	32	100	39	37	0.077	0	0	0	0	0	
1395408835010	2014.03.21_17:33:55	1	-16	-0.78	0	3	0.36	-0.052	0	-0.37	0.023	0.19	0.55	12.4	-0.058	0.0078	0.15	-0.03	0.029	0.047	-0.1	-0.013	-0.0078	5.16	0.16	0.16	0.3	0.21	0.21	0.2	0.052	0.052	0.02	0.06	0.06	0.15	0.03	0.03	0.05	0.28	0.28	0.21	0	0	6.28	0.55	33	100	38	37	0.077	0	0	0	0	0	
1395408835058	2014.03.21_17:33:55	1	-16	-0.78	0	3	0.36	-0.052	0	-0.37	0.023	0.19	0.55	12.4	-0.058	0.0078	0.15	-0.03	0.029	0.047	-0.1	-0.013	-0.0078	5.16	0.16	0.16	0.3	0.21	0.21	0.2	0.052	0.052	0.02	0.06	0.06	0.15	0.03	0.03	0.05	0.28	0.28	0.21	0	0	6.28	0.55	33	100	38	37	0.077	0.001	0	0	0	0	
1395408835108	2014.03.21_17:33:55	1	-22	0.78	-0.78	3	0.22	-0.046	0	-0.37	0.039	0.2	0.55	12	-0.059	0.007	0.15	-0.03	0.029	0.047	-0.1	0.0039	0	5.19	0.16	0.16	0.3	0.21	0.21	0.2	0.052	0.052	0.02	0.06	0.06	0.15	0.03	0.03	0.05	0.28	0.28	0.21	0	0	6.28	0.55	30	100	39	38	0.069	0.001	0	0	0	0	
1395408835158	2014.03.21_17:33:55	1	-22	0.78	-0.78	3	0.22	-0.046	0	-0.37	0.039	0.2	0.55	12	-0.059	0.007	0.15	-0.03	0.029	0.047	-0.1	0.0039	0	5.19	0.16	0.16	0.3	0.21	0.21	0.2	0.052	0.052	0.02	0.06	0.06	0.15	0.03	0.03	0.05	0.28	0.28	0.21	0	0	6.28	0.55	30	100	39	38	0.069	0	0	0	0	0	
1395408835210	2014.03.21_17:33:55	1	-30	2.3	0	3	0.044	-0.052	0	-0.37	0.039	0.19	0.55	12.4	-0.059	0.0078	0.15	-0.03	0.029	0.047	-0.1	0.0039	-0.0078	5.03	0.16	0.16	0.3	0.21	0.21	0.2	0.052	0.052	0.02	0.06	0.06	0.15	0.03	0.03	0.05	0.28	0.28	0.21	0	0	6.28	0.55	31	100	40	37	0.078	0	0	0	0	0	
1395408835258	2014.03.21_17:33:55	1	-30	2.3	0	3	0.044	-0.052	0	-0.37	0.039	0.19	0.55	12.4	-0.059	0.0078	0.15	-0.03	0.029	0.047	-0.1	0.0039	-0.0078	5.03	0.16	0.16	0.3	0.21	0.21	0.2	0.052	0.052	0.02	0.06	0.06	0.15	0.03	0.03	0.05	0.28	0.28	0.21	0	0	6.28	0.55	31	100	40	37	0.078	0.001	0	0	0	0	
1395408835308	2014.03.21_17:33:55	1	-24	-1.6	0.78	3	-0.24	-0.062	0	-0.36	0.043	0.18	0.55	12.3	-0.046	0.0094	0.15	-0.03	0.029	0.047	-0.1	0.0055	-0.023	5.13	0.16	0.16	0.3	0.21	0.21	0.2	0.052	0.052	0.02	0.06	0.06	0.15	0.03	0.03	0.05	0.28	0.28	0.21	0	0	6.28	0.55	32	100	41	37	0.062	0.001	0	0	0	0	
1395408835358	2014.03.21_17:33:55	1	-24	-1.6	0.78	3	-0.24	-0.062	0	-0.36	0.043	0.18	0.55	12.3	-0.046	0.0094	0.15	-0.03	0.029	0.047	-0.1	0.0055	-0.023	5.13	0.16	0.16	0.3	0.21	0.21	0.2	0.052	0.052	0.02	0.06	0.06	0.15	0.03	0.03	0.05	0.28	0.28	0.21	0	0	6.28	0.55	32	100	41	37	0.062	0	0	0	0	0	
1395408835408	2014.03.21_17:33:55	1	-17	-0.78	0.78	3	-0.36	-0.069	0	-0.36	0.031	0.16	0.55	12.3	-0.054	0.011	0.15	-0.03	0.029	0.047	-0.1	-0.0078	-0.031	5.2	0.16	0.16	0.3	0.21	0.21	0.2	0.052	0.052	0.02	0.06	0.06	0.15	0.03	0.03	0.05	0.28	0.28	0.21	0	0	6.28	0.55	34	100	41	35	0.059	0	0	0	0	0	
1395408835460	2014.03.21_17:33:55	1	-17	-0.78	0.78	3	-0.36	-0.069	0	-0.36	0.031	0.16	0.55	12.3	-0.054	0.011	0.15	-0.03	0.029	0.047	-0.1	-0.0078	-0.031	5.2	0.16	0.16	0.3	0.21	0.21	0.2	0.052	0.052	0.02	0.06	0.06	0.15	0.03	0.03	0.05	0.28	0.28	0.21	0	0	6.28	0.55	34	100	41	35	0.059	0	0	0	0	0	
1395408835508	2014.03.21_17:33:55	1	-21	0	-1.6	3	-0.58	-0.053	0	-0.21	0.035	0.21	0.55	11.9	-0.034	0.0078	0.15	-0.03	0.029	0.047	-0.1	-0.0023	0.016	5.03	0.16	0.16	0.3	0.21	0.21	0.2	0.052	0.052	0.02	0.06	0.06	0.15	0.03	0.03	0.05	0.28	0.28	0.21	0	0	6.28	0.55	29	97	36	55	0.078	0	0	0	0	0	
1395408835558	2014.03.21_17:33:55	1	-21	0	-1.6	3	-0.58	-0.053	0	-0.21	0.035	0.21	0.55	11.9	-0.034	0.0078	0.15	-0.03	0.029	0.047	-0.1	-0.0023	0.016	5.03	0.16	0.16	0.3	0.21	0.21	0.2	0.052	0.052	0.02	0.06	0.06	0.15	0.03	0.03	0.05	0.28	0.28	0.21	0	0	6.28	0.55	29	97	36	55	0.078	0	0	0	0	0	
1395408835608	2014.03.21_17:33:55	1	-13	0	-0.78	3	-0.75	-0.068	0	0.016	0.047	0.2	0.55	12.3	-0.0055	0.01	0.15	-0.03	0.029	0.047	0.052	0.007	0.0078	5.17	0.16	0.16	0.3	0.21	0.21	0.2	0.052	0.052	0.02	0.06	0.06	0.15	0.03	0.03	0.05	0.28	0.28	0.21	0	0	6.28	0.55	29	73	39	77	0.067	0	0	0	0	0	
1395408835660	2014.03.21_17:33:55	1	-13	0	-0.78	3	-0.75	-0.068	0	0.016	0.047	0.2	0.55	12.3	-0.0055	0.01	0.15	-0.03	0.029	0.047	0.052	0.007	0.0078	5.17	0.16	0.16	0.3	0.21	0.21	0.2	0.052	0.052	0.02	0.06	0.06	0.15	0.03	0.03	0.05	0.28	0.28	0.21	0	0	6.28	0.55	29	73	39	77	0.067	0	0	0	0	0	
1395408835709	2014.03.21_17:33:55	1	-3.9	-0.78	0	3	-0.82	-0.071	0	-0.0039	0.035	0.19	0.55	12.3	0.0047	0.011	0.15	-0.03	0.029	0.047	0.02	-0.0047	-0.0078	5.19	0.16	0.16	0.3	0.21	0.21	0.2	0.052	0.052	0.02	0.06	0.06	0.15	0.03	0.03	0.05	0.28	0.28	0.21	0	0	6.28	0.55	32	74	39	73	0.085	0	0	0	0	0	
1395408835758	2014.03.21_17:33:55	1	-3.9	-0.78	0	3	-0.82	-0.071	0	-0.0039	0.035	0.19	0.55	12.3	0.0047	0.011	0.15	-0.03	0.029	0.047	0.02	-0.0047	-0.0078	5.19	0.16	0.16	0.3	0.21	0.21	0.2	0.052	0.052	0.02	0.06	0.06	0.15	0.03	0.03	0.05	0.28	0.28	0.21	0	0	6.28	0.55	32	74	39	73	0.085	0	0	0	0	0	
1395408835808	2014.03.21_17:33:55	1	-4.7	0.78	0	3	-0.86	-0.066	0	0.0078	0.043	0.2	0.55	12.3	0.013	0.01	0.15	-0.028	0.029	0.047	0.023	0.0039	0	5.1	0.16	0.16	0.3	0.21	0.21	0.2	0.052	0.052	0.02	0.06	0.06	0.15	0.03	0.03	0.05	0.28	0.28	0.21	0	0	6.28	0.55	31	73	39	75	0.077	0	0	0	0	0	
1395408835860	2014.03.21_17:33:55	1	-4.7	0.78	0	3	-0.86	-0.066	0	0.0078	0.043	0.2	0.55	12.3	0.013	0.01	0.15	-0.028	0.029	0.047	0.023	0.0039	0	5.1	0.16	0.16	0.3	0.21	0.21	0.2	0.052	0.052	0.02	0.06	0.06	0.15	0.03	0.03	0.05	0.28	0.28	0.21	0	0	6.28	0.55	31	73	39	75	0.077	0	0	0	0	0	
1395408835908	2014.03.21_17:33:55	1	-3.9	-0.78	0	3	-0.9	-0.059	0	-0.0039	0.031	0.19	0.55	12.4	0.018	0.0094	0.15	-0.026	0.029	0.047	0.0039	-0.0039	-0.0078	5.16	0.16	0.16	0.3	0.21	0.21	0.2	0.052	0.052	0.02	0.06	0.06	0.15	0.03	0.03	0.05	0.28	0.28	0.21	0	0	6.28	0.55	32	74	39	73	0.083	0	0	0	0	0	
1395408835959	2014.03.21_17:33:55	1	-3.9	-0.78	0	3	-0.9	-0.059	0	-0.0039	0.031	0.19	0.55	12.4	0.018	0.0094	0.15	-0.026	0.029	0.047	0.0039	-0.0039	-0.0078	5.16	0.16	0.16	0.3	0.21	0.21	0.2	0.052	0.052	0.02	0.06	0.06	0.15	0.03	0.03	0.05	0.28	0.28	0.21	0	0	6.28	0.55	32	74	39	73	0.083	0	0	0	0	0	
1395408836008	2014.03.21_17:33:56	1	-3.9	0.78	0.78	3	-0.92	-0.059	0	0.012	0.035	0.18	0.55	12.3	0.021	0.0094	0.15	-0.023	0.029	0.047	0.015	0	-0.023	5.22	0.16	0.16	0.3	0.21	0.21	0.2	0.052	0.052	0.02	0.06	0.06	0.15	0.03	0.03	0.05	0.28	0.28	0.21	0	0	6.28	0.55	33	71	41	74	0.074	0	0	0	0	0	
1395408836060	2014.03.21_17:33:56	1	-3.9	0.78	0.78	3	-0.92	-0.059	0	0.012	0.035	0.18	0.55	12.3	0.021	0.0094	0.15	-0.023	0.029	0.047	0.015	0	-0.023	5.22	0.16	0.16	0.3	0.21	0.21	0.2	0.052	0.052	0.02	0.06	0.06	0.15	0.03	0.03	0.05	0.28	0.28	0.21	0	0	6.28	0.55	33	71	41	74	0.074	0	0	0	0	0	
1395408836108	2014.03.21_17:33:56	1	0	-0.78	-0.78	3	-0.95	-0.057	0	0.31	0.035	0.2	0.55	12.3	0.055	0.0086	0.15	-0.02	0.029	0.047	-0.1	-0.0023	0	5.15	0.16	0.16	0.3	0.21	0.21	0.2	0.052	0.052	0.02	0.06	0.06	0.15	0.03	0.03	0.05	0.28	0.28	0.21	0	0	6.28	0.55	31	43	38	100	0.084	0	0	0	0	0	
1395408836158	2014.03.21_17:33:56	1	0	-0.78	-0.78	3	-0.95	-0.057	0	0.31	0.035	0.2	0.55	12.3	0.055	0.0086	0.15	-0.02	0.029	0.047	-0.1	-0.0023	0	5.15	0.16	0.16	0.3	0.21	0.21	0.2	0.052	0.052	0.02	0.06	0.06	0.15	0.03	0.03	0.05	0.28	0.28	0.21	0	0	6.28	0.55	31	43	38	100	0.084	0	0	0	0	0	
1395408836208	2014.03.21_17:33:56	1	13	-0.78	0	3	-0.89	-0.058	0	0.32	0.043	0.2	0.55	12.2	0.059	0.0086	0.15	-0.013	0.029	0.047	-0.1	0.0047	0	5.27	0.16	0.16	0.3	0.21	0.21	0.2	0.052	0.052	0.02	0.06	0.06	0.15	0.03	0.03	0.05	0.28	0.28	0.21	0	0	6.28	0.55	31	41	39	100	0.079	0	0	0	0	0	
1395408836260	2014.03.21_17:33:56	1	13	-0.78	0	3	-0.89	-0.058	0	0.32	0.043	0.2	0.55	12.2	0.059	0.0086	0.15	-0.013	0.029	0.047	-0.1	0.0047	0	5.27	0.16	0.16	0.3	0.21	0.21	0.2	0.052	0.052	0.02	0.06	0.06	0.15	0.03	0.03	0.05	0.28	0.28	0.21	0	0	6.28	0.55	31	41	39	100	0.079	0	0	0	0	0	
1395408836310	2014.03.21_17:33:56	1	18	0	-0.78	3	-0.76	-0.065	0	0.33	0.039	0.2	0.55	12.2	0.059	0.01	0.15	-0.0047	0.029	0.047	-0.1	0.0016	0	5.31	0.16	0.16	0.3	0.21	0.21	0.2	0.052	0.052	0.02	0.06	0.06	0.15	0.03	0.03	0.05	0.28	0.28	0.21	0	0	6.28	0.55	30	41	39	100	0.061	0	0	0	0	0	
1395408836358	2014.03.21_17:33:56	1	18	0	-0.78	3	-0.76	-0.065	0	0.33	0.039	0.2	0.55	12.2	0.059	0.01	0.15	-0.0047	0.029	0.047	-0.1	0.0016	0	5.31	0.16	0.16	0.3	0.21	0.21	0.2	0.052	0.052	0.02	0.06	0.06	0.15	0.03	0.03	0.05	0.28	0.28	0.21	0	0	6.28	0.55	30	41	39	100	0.061	0.001	0	0	0	0	
1395408836408	2014.03.21_17:33:56	1	17	-1.6	-0.78	3	-0.64	-0.066	0	0.34	0.039	0.2	0.55	12.3	0.059	0.01	0.15	0.0055	0.029	0.047	-0.1	0.00078	0.0078	5.28	0.16	0.16	0.3	0.21	0.21	0.2	0.052	0.052	0.02	0.06	0.06	0.15	0.03	0.03	0.05	0.28	0.28	0.21	0	0	6.28	0.55	30	41	38	100	0.06	0.001	0	0	0	0	
1395408836459	2014.03.21_17:33:56	1	17	-1.6	-0.78	3	-0.64	-0.066	0	0.34	0.039	0.2	0.55	12.3	0.059	0.01	0.15	0.0055	0.029	0.047	-0.1	0.00078	0.0078	5.28	0.16	0.16	0.3	0.21	0.21	0.2	0.052	0.052	0.02	0.06	0.06	0.15	0.03	0.03	0.05	0.28	0.28	0.21	0	0	6.28	0.55	30	41	38	100	0.06	0	0	0	0	0	
1395408836510	2014.03.21_17:33:56	1	20	-1.6	-0.78	3	-0.46	-0.075	0	0.35	0.031	0.2	0.55	12.2	0.059	0.012	0.15	0.016	0.029	0.047	-0.1	-0.007	0	5.43	0.16	0.16	0.3	0.21	0.21	0.2	0.052	0.052	0.02	0.06	0.06	0.15	0.03	0.03	0.05	0.28	0.28	0.21	0	0	6.28	0.55	31	39	38	100	0.069	0	0	0	0	0	
1395408836558	2014.03.21_17:33:56	1	20	-1.6	-0.78	3	-0.46	-0.075	0	0.35	0.031	0.2	0.55	12.2	0.059	0.012	0.15	0.016	0.029	0.047	-0.1	-0.007	0	5.43	0.16	0.16	0.3	0.21	0.21	0.2	0.052	0.052	0.02	0.06	0.06	0.15	0.03	0.03	0.05	0.28	0.28	0.21	0	0	6.28	0.55	31	39	38	100	0.069	0.001	0	0	0	0	
1395408836608	2014.03.21_17:33:56	1	16	-0.78	-1.6	3	-0.33	-0.062	0	0.36	0.035	0.21	0.55	12.3	0.059	0.0094	0.15	0.026	0.029	0.047	-0.1	-0.0016	0.016	5.44	0.16	0.16	0.3	0.21	0.21	0.2	0.052	0.052	0.02	0.06	0.06	0.15	0.03	0.03	0.05	0.28	0.28	0.21	0	0	6.28	0.55	29	39	37	100	0.068	0.001	0	0	0	0	
1395408836658	2014.03.21_17:33:56	1	16	-0.78	-1.6	3	-0.33	-0.062	0	0.36	0.035	0.21	0.55	12.3	0.059	0.0094	0.15	0.026	0.029	0.047	-0.1	-0.0016	0.016	5.44	0.16	0.16	0.3	0.21	0.21	0.2	0.052	0.052	0.02	0.06	0.06	0.15	0.03	0.03	0.05	0.28	0.28	0.21	0	0	6.28	0.55	29	39	37	100	0.068	0	0	0	0	0	
1395408836710	2014.03.21_17:33:56	1	29	-3.1	-0.78	3	-0.16	-0.064	0	0.37	0.031	0.2	0.55	12	0.059	0.01	0.15	0.029	0.029	0.047	-0.1	-0.0063	0	5.46	0.16	0.16	0.3	0.21	0.21	0.2	0.052	0.052	0.02	0.06	0.06	0.15	0.03	0.03	0.05	0.28	0.28	0.21	0	0	6.28	0.55	31	38	38	100	0.085	0	0	0	0	0	
1395408836760	2014.03.21_17:33:56	1	29	-3.1	-0.78	3	-0.16	-0.064	0	0.37	0.031	0.2	0.55	12	0.059	0.01	0.15	0.029	0.029	0.047	-0.1	-0.0063	0	5.46	0.16	0.16	0.3	0.21	0.21	0.2	0.052	0.052	0.02	0.06	0.06	0.15	0.03	0.03	0.05	0.28	0.28	0.21	0	0	6.28	0.55	31	38	38	100	0.085	0	0	0	0	0	
1395408836808	2014.03.21_17:33:56	1	27	-2.3	-2.3	3	0.059	-0.068	0	0.37	0.047	0.23	0.55	12.4	0.059	0.01	0.15	0.029	0.029	0.047	-0.1	0.0078	0.031	5.49	0.16	0.16	0.3	0.21	0.21	0.2	0.052	0.052	0.02	0.06	0.06	0.15	0.03	0.03	0.05	0.28	0.28	0.21	0	0	6.28	0.55	27	41	36	100	0.074	0	0	0	0	0	
1395408836858	2014.03.21_17:33:56	1	27	-2.3	-2.3	3	0.059	-0.068	0	0.37	0.047	0.23	0.55	12.4	0.059	0.01	0.15	0.029	0.029	0.047	-0.1	0.0078	0.031	5.49	0.16	0.16	0.3	0.21	0.21	0.2	0.052	0.052	0.02	0.06	0.06	0.15	0.03	0.03	0.05	0.28	0.28	0.21	0	0	6.28	0.55	27	41	36	100	0.074	0	0	0	0	0	
1395408836910	2014.03.21_17:33:56	1	30	0	-1.6	3	0.29	-0.089	0	0.37	0.059	0.21	0.55	12.1	0.059	0.014	0.14	0.029	0.029	0.047	-0.1	0.016	0.016	5.8	0.16	0.16	0.3	0.21	0.21	0.2	0.052	0.052	0.02	0.06	0.06	0.15	0.03	0.03	0.05	0.28	0.28	0.21	0	0	6.28	0.55	27	39	39	100	0.069	0	0	0	0	0	
1395408836967	2014.03.21_17:33:56	1	30	0	-1.6	3	0.29	-0.089	0	0.37	0.059	0.21	0.55	12.1	0.059	0.014	0.14	0.029	0.029	0.047	-0.1	0.016	0.016	5.8	0.16	0.16	0.3	0.21	0.21	0.2	0.052	0.052	0.02	0.06	0.06	0.15	0.03	0.03	0.05	0.28	0.28	0.21	0	0	6.28	0.55	27	39	39	100	0.069	0	0	0	0	0	
1395408837008	2014.03.21_17:33:57	1	29	-3.1	0	3	0.6	-0.12	0	-0.09	0.055	0.2	0.55	12	0.029	0.019	0.15	0.029	0.029	0.047	-0.1	0.0094	0	5.66	0.16	0.16	0.3	0.21	0.21	0.2	0.052	0.052	0.02	0.06	0.06	0.15	0.03	0.03	0.05	0.28	0.28	0.21	0	0	6.28	0.55	29	83	41	65	0.065	0	0	0	0	0	
1395408837058	2014.03.21_17:33:57	1	29	-3.1	0	3	0.6	-0.12	0	-0.09	0.055	0.2	0.55	12	0.029	0.019	0.15	0.029	0.029	0.047	-0.1	0.0094	0	5.66	0.16	0.16	0.3	0.21	0.21	0.2	0.052	0.052	0.02	0.06	0.06	0.15	0.03	0.03	0.05	0.28	0.28	0.21	0	0	6.28	0.55	29	83	41	65	0.065	0	0	0	0	0	
1395408837110	2014.03.21_17:33:57	1	3.9	-1.6	-0.78	3	0.76	-0.12	0	-0.0039	0.047	0.2	0.55	12.2	0.0039	0.019	0.15	0.029	0.029	0.047	-0.038	0.0016	0	5.66	0.16	0.16	0.3	0.21	0.21	0.2	0.052	0.052	0.02	0.06	0.06	0.15	0.03	0.03	0.05	0.28	0.28	0.21	0	0	6.28	0.55	29	75	39	74	0.079	0	0	0	0	0	
1395408837158	2014.03.21_17:33:57	1	3.9	-1.6	-0.78	3	0.76	-0.12	0	-0.0039	0.047	0.2	0.55	12.2	0.0039	0.019	0.15	0.029	0.029	0.047	-0.038	0.0016	0	5.66	0.16	0.16	0.3	0.21	0.21	0.2	0.052	0.052	0.02	0.06	0.06	0.15	0.03	0.03	0.05	0.28	0.28	0.21	0	0	6.28	0.55	29	75	39	74	0.079	0	0	0	0	0	
1395408837208	2014.03.21_17:33:57	1	0	-0.78	0	3	0.77	-0.12	0	0.023	0.055	0.19	0.55	12.2	0.0023	0.019	0.15	0.029	0.029	0.047	-0.0063	0.007	-0.0078	5.63	0.16	0.16	0.3	0.21	0.21	0.2	0.052	0.052	0.02	0.06	0.06	0.15	0.03	0.03	0.05	0.28	0.28	0.21	0	0	6.28	0.55	30	71	41	76	0.067	0	0	0	0	0	
1395408837258	2014.03.21_17:33:57	1	0	-0.78	0	3	0.77	-0.12	0	0.023	0.055	0.19	0.55	12.2	0.0023	0.019	0.15	0.029	0.029	0.047	-0.0063	0.007	-0.0078	5.63	0.16	0.16	0.3	0.21	0.21	0.2	0.052	0.052	0.02	0.06	0.06	0.15	0.03	0.03	0.05	0.28	0.28	0.21	0	0	6.28	0.55	30	71	41	76	0.067	0	0	0	0	0	
1395408837308	2014.03.21_17:33:57	1	11	-1.6	0	3	0.83	-0.12	0	-0.023	0.051	0.2	0.55	12.1	-0.007	0.019	0.15	0.029	0.029	0.047	-0.043	0.0031	0	5.58	0.16	0.16	0.3	0.21	0.21	0.2	0.052	0.052	0.02	0.06	0.06	0.15	0.03	0.03	0.05	0.28	0.28	0.21	0	0	6.28	0.55	30	76	40	72	0.073	0	0	0	0	0	
1395408837360	2014.03.21_17:33:57	1	11	-1.6	0	3	0.83	-0.12	0	-0.023	0.051	0.2	0.55	12.1	-0.007	0.019	0.15	0.029	0.029	0.047	-0.043	0.0031	0	5.58	0.16	0.16	0.3	0.21	0.21	0.2	0.052	0.052	0.02	0.06	0.06	0.15	0.03	0.03	0.05	0.28	0.28	0.21	0	0	6.28	0.55	30	76	40	72	0.073	0	0	0	0	0	
1395408837408	2014.03.21_17:33:57	1	5.5	0	-0.78	3	0.93	-0.12	0	-0.035	0.051	0.2	0.55	12.2	-0.024	0.018	0.15	0.027	0.029	0.047	-0.036	0.0023	0	5.48	0.16	0.16	0.3	0.21	0.21	0.2	0.052	0.052	0.02	0.06	0.06	0.15	0.03	0.03	0.05	0.28	0.28	0.21	0	0	6.28	0.55	29	78	39	71	0.067	0	0	0	0	0	
1395408837459	2014.03.21_17:33:57	1	5.5	0	-0.78	3	0.93	-0.12	0	-0.035	0.051	0.2	0.55	12.2	-0.024	0.018	0.15	0.027	0.029	0.047	-0.036	0.0023	0	5.48	0.16	0.16	0.3	0.21	0.21	0.2	0.052	0.052	0.02	0.06	0.06	0.15	0.03	0.03	0.05	0.28	0.28	0.21	0	0	6.28	0.55	29	78	39	71	0.067	0	0	0	0	0	
1395408837508	2014.03.21_17:33:57	1	-1.6	-1.6	-0.78	3	0.96	-0.11	0	-0.28	0.035	0.2	0.55	12.5	-0.042	0.017	0.15	0.023	0.029	0.047	-0.1	-0.011	0	5.3	0.16	0.16	0.3	0.21	0.21	0.2	0.052	0.052	0.02	0.06	0.06	0.15	0.03	0.03	0.05	0.28	0.28	0.21	0	0	6.28	0.55	31	100	38	47	0.062	0	0	0	0	0	
1395408837560	2014.03.21_17:33:57	1	-1.6	-1.6	-0.78	3	0.96	-0.11	0	-0.28	0.035	0.2	0.55	12.5	-0.042	0.017	0.15	0.023	0.029	0.047	-0.1	-0.011	0	5.3	0.16	0.16	0.3	0.21	0.21	0.2	0.052	0.052	0.02	0.06	0.06	0.15	0.03	0.03	0.05	0.28	0.28	0.21	0	0	6.28	0.55	31	100	38	47	0.062	0	0	0	0	0	
1395408837608	2014.03.21_17:33:57	1	-11	0	-0.78	3	0.92	-0.11	0	-0.32	0.039	0.2	0.55	12.6	-0.059	0.016	0.15	0.017	0.029	0.047	-0.1	-0.007	0	5.41	0.16	0.16	0.3	0.21	0.21	0.2	0.052	0.052	0.02	0.06	0.06	0.15	0.03	0.03	0.05	0.28	0.28	0.21	0	0	6.28	0.55	30	100	38	43	0.079	0	0	0	0	0	
1395408837658	2014.03.21_17:33:57	1	-11	0	-0.78	3	0.92	-0.11	0	-0.32	0.039	0.2	0.55	12.6	-0.059	0.016	0.15	0.017	0.029	0.047	-0.1	-0.007	0	5.41	0.16	0.16	0.3	0.21	0.21	0.2	0.052	0.052	0.02	0.06	0.06	0.15	0.03	0.03	0.05	0.28	0.28	0.21	0	0	6.28	0.55	30	100	38	43	0.079	0	0	0	0	0	
1395408837708	2014.03.21_17:33:57	1	-13	0.78	-0.78	3	0.82	-0.097	0	-0.33	0.039	0.2	0.55	12.4	-0.059	0.015	0.15	0.0094	0.029	0.047	-0.1	-0.0063	0.0078	5.35	0.16	0.16	0.3	0.21	0.21	0.2	0.052	0.052	0.02	0.06	0.06	0.15	0.03	0.03	0.05	0.28	0.28	0.21	0	0	6.28	0.55	30	100	38	42	0.069	0	0	0	0	0	
1395408837760	2014.03.21_17:33:57	1	-13	0.78	-0.78	3	0.82	-0.097	0	-0.33	0.039	0.2	0.55	12.4	-0.059	0.015	0.15	0.0094	0.029	0.047	-0.1	-0.0063	0.0078	5.35	0.16	0.16	0.3	0.21	0.21	0.2	0.052	0.052	0.02	0.06	0.06	0.15	0.03	0.03	0.05	0.28	0.28	0.21	0	0	6.28	0.55	30	100	38	42	0.069	0	0	0	0	0	
1395408837808	2014.03.21_17:33:57	1	-15	-1.6	-0.78	3	0.73	-0.095	0	-0.34	0.035	0.2	0.55	12.3	-0.059	0.015	0.15	-0.00078	0.029	0.047	-0.1	-0.0063	0	5.35	0.16	0.16	0.3	0.21	0.21	0.2	0.052	0.052	0.02	0.06	0.06	0.15	0.03	0.03	0.05	0.28	0.28	0.21	0	0	6.28	0.55	31	100	38	41	0.072	0	0	0	0	0	
1395408837858	2014.03.21_17:33:57	1	-15	-1.6	-0.78	3	0.73	-0.095	0	-0.34	0.035	0.2	0.55	12.3	-0.059	0.015	0.15	-0.00078	0.029	0.047	-0.1	-0.0063	0	5.35	0.16	0.16	0.3	0.21	0.21	0.2	0.052	0.052	0.02	0.06	0.06	0.15	0.03	0.03	0.05	0.28	0.28	0.21	0	0	6.28	0.55	31	100	38	41	0.072	0	0	0	0	0	
1395408837908	2014.03.21_17:33:57	1	-19	0.78	0	3	0.6	-0.094	0	-0.35	0.035	0.19	0.55	12.2	-0.059	0.015	0.15	-0.01	0.029	0.047	-0.1	-0.0078	-0.0078	5.28	0.16	0.16	0.3	0.21	0.21	0.2	0.052	0.052	0.02	0.06	0.06	0.15	0.03	0.03	0.05	0.28	0.28	0.21	0	0	6.28	0.55	32	100	39	39	0.07	0	0	0	0	0	
1395408837960	2014.03.21_17:33:57	1	-19	0.78	0	3	0.6	-0.094	0	-0.35	0.035	0.19	0.55	12.2	-0.059	0.015	0.15	-0.01	0.029	0.047	-0.1	-0.0078	-0.0078	5.28	0.16	0.16	0.3	0.21	0.21	0.2	0.052	0.052	0.02	0.06	0.06	0.15	0.03	0.03	0.05	0.28	0.28	0.21	0	0	6.28	0.55	32	100	39	39	0.07	0	0	0	0	0	
1395408838008	2014.03.21_17:33:58	1	-19	0	0	3	0.44	-0.08	0	-0.36	0.035	0.19	0.55	12.2	-0.059	0.013	0.15	-0.022	0.029	0.047	-0.1	-0.0063	-0.0078	5.35	0.16	0.16	0.3	0.21	0.21	0.2	0.052	0.052	0.02	0.06	0.06	0.15	0.03	0.03	0.05	0.28	0.28	0.21	0	0	6.28	0.55	32	100	39	38	0.066	0	0	0	0	0	
1395408838058	2014.03.21_17:33:58	1	-19	0	0	3	0.44	-0.08	0	-0.36	0.035	0.19	0.55	12.2	-0.059	0.013	0.15	-0.022	0.029	0.047	-0.1	-0.0063	-0.0078	5.35	0.16	0.16	0.3	0.21	0.21	0.2	0.052	0.052	0.02	0.06	0.06	0.15	0.03	0.03	0.05	0.28	0.28	0.21	0	0	6.28	0.55	32	100	39	38	0.066	0	0	0	0	0	
1395408838108	2014.03.21_17:33:58	1	-26	2.3	0	3	0.3	-0.079	0	-0.37	0.047	0.19	0.55	12.3	-0.059	0.013	0.15	-0.03	0.029	0.047	-0.1	0.0063	-0.0078	5.33	0.16	0.16	0.3	0.21	0.21	0.2	0.052	0.052	0.02	0.06	0.06	0.15	0.03	0.03	0.05	0.28	0.28	0.21	0	0	6.28	0.55	31	100	40	37	0.069	0	0	0	0	0	
1395408838158	2014.03.21_17:33:58	1	-26	2.3	0	3	0.3	-0.079	0	-0.37	0.047	0.19	0.55	12.3	-0.059	0.013	0.15	-0.03	0.029	0.047	-0.1	0.0063	-0.0078	5.33	0.16	0.16	0.3	0.21	0.21	0.2	0.052	0.052	0.02	0.06	0.06	0.15	0.03	0.03	0.05	0.28	0.28	0.21	0	0	6.28	0.55	31	100	40	37	0.069	0	0	0	0	0	
1395408838210	2014.03.21_17:33:58	1	-30	1.6	0	3	0.079	-0.081	0	-0.37	0.039	0.19	0.55	12.3	-0.059	0.013	0.15	-0.03	0.029	0.047	-0.1	0	-0.0078	5.27	0.16	0.16	0.3	0.21	0.21	0.2	0.052	0.052	0.02	0.06	0.06	0.15	0.03	0.03	0.05	0.28	0.28	0.21	0	0	6.28	0.55	31	100	40	37	0.075	0	0	0	0	0	
1395408838258	2014.03.21_17:33:58	1	-30	1.6	0	3	0.079	-0.081	0	-0.37	0.039	0.19	0.55	12.3	-0.059	0.013	0.15	-0.03	0.029	0.047	-0.1	0	-0.0078	5.27	0.16	0.16	0.3	0.21	0.21	0.2	0.052	0.052	0.02	0.06	0.06	0.15	0.03	0.03	0.05	0.28	0.28	0.21	0	0	6.28	0.55	31	100	40	37	0.075	0	0	0	0	0	
